2808 4616
212 296 278 361 DE
302 291 512 361 ANNORUM
536 287 594 357 ET
618 287 935 358 IMPERATORUM
959 289 1094 358 SERIE.
1133 283 1208 363 155

105 482 251 572 δευτέραν
274 483 442 548 ῗνῦικτιῦνα
457 484 513 545 τοῦ
530 476 620 568 ‘gvii'
638 476 723 556 ἔτους
739 479 774 545 τὸ
791 479 860 568 περὶ
876 483 938 544 τῶν
953 461 1211 566 ῦπεισερχομίνων

107 591 246 654 ῦυνατιῦν
271 589 319 673 είς
337 581 551 660 ἀνακοινώσας
573 579 720 667 πενήτων.
771 581 890 674 ἀνακλᾷ
912 581 946 646 δὲ
969 585 1021 647 καί
1042 579 1063 668 ἦ
1085 580 1211 668 τοιαῦτη

107 689 203 778 νεαρά
229 691 280 754 καὶ
307 692 347 764 εἷς
372 687 428 772 τὴν
452 691 671 776 παρελθοῦσαν
694 693 861 770 τηνικαῦτα
883 679 1007 774 πρώτην
1030 686 1212 768 ῖνὸικτιιῦνα,

107 785 242 860 τουτέστι
265 789 319 858 τὸν
341 798 398 857 τοῦ
420 796 513 877 λιμοῦ
529 797 583 854 τοῦ
599 787 732 876 μεγάλου
750 786 865 876 καιρόν.
916 789 995 854 κατὰ
1014 779 1250 874 disiectis-1³
1267 809 1303 869 '18

80 913 185 982 ῦπτην
209 901 264 962 τοῦ
289 891 376 984 ‘goos'
404 892 490 970 ἴτους
513 893 699 982 ἐπεκύρωσεν
721 891 864 979 τοιαύτην
885 893 1071 974 νομοθεσίαν
1087 889 1104 958 ὅ
1120 899 1214 975 βασι-

106 999 176 1077 λεῦς
199 995 305 1086 κῦριος
330 999 570 1074 Κωνσταντῖνος.
618 997 657 1064 τά
684 997 718 1062 ἀὲ
742 994 782 1082 ιη’
807 995 877 1082 λ’τη,
903 987 945 1062 ὧν
969 993 1215 1083 ὃΔεκαπολίτης

107 1103 139 1170 ἓν
154 1110 193 1190 τῇ
211 1099 257 1167 λα’
275 1101 444 1187 μέμνηται,
470 1101 525 1166 οῦκ
544 1099 604 1165 ἀπὸ
621 1106 677 1166 τοῦ
693 1105 802 1188 καιροῦ
818 1107 873 1186 τῆς
888 1097 1012 1187 πρώτης
1027 1103 1215 1188 ψηφίζονται

106 1207 309 1290 νομοθεσίας,
335 1203 403 1290 ἤτοι
428 1209 485 1269 τοῦ
508 1201 599 1292 ‘goii‘
623 1204 724 1284 ἔτους,
751 1203 821 1270 ἀλλ’
849 1203 909 1270 ἀπὸ
926 1210 981 1287 τῆς
997 1202 1120 1292 πρώτης
1137 1207 1216 1271 lvde-

108 1316 236 1386 κτιιῦνος
250 1315 314 1392 Ιτοῦ
341 1306 433 1397 ‘evag'
447 1305 546 1389 vi'sovg
570 1305 637 1389 ἤτοι
663 1314 719 1373 τοῦ
745 1313 853 1391 λιμοῦ,
881 1311 924 1384 εἷς
940 1305 975 1372 ὃν
991 1311 1042 1372 καί
1058 1309 1177 1400 ἀνακλᾷ
1193 1305 1214 1394 ἦ

62 1411 235 1496 1οτοιαῦτη
262 1413 448 1494 νομοθεσία,
474 1410 563 1498 μέχρι
590 1417 645 1494 τῆς
671 1411 766 1475 αάτοῦ
790 1409 1029 1498 αὐτοκρατορίας
1044 1419 1099 1478 τοῦ
1120 1413 1217 1478 αῦτοῦ

107 1517 260 1602 βασιλέως
275 1515 520 1582 Κιονστανιίνου.

214 1620 276 1684 Καὶ
295 1617 385 1684 πάλιν
403 1621 633 1694 Κωνσταντΐνος
645 1611 661 1681 ὃ
674 1615 957 1705 πορφυρομίννητος
967 1613 1043 1699 μετὰ
1057 1611 1217 1705 Στεφάνου

111 1724 162 1788 καὶ
181 1724 427 1804 Κιονσταντίνοο,
454 1723 489 1790 οἳ
507 1717 562 1786 ἀπ’
582 1720 678 1786 αῦτοῦ
693 1727 749 1806 τῆς
763 1708 923 1804 βασιλείας
939 1715 1148 1807 ἐξεβλήθησαν
1165 1723 1218 1788 καί

110 1828 332 1916 ἓξωρίσθησαν.
1032 1812 1033 1817 ¹

66 1941 105 1996 15
211 1927 248 1997 Ὁ
275 1923 330 1995 οῦν
357 1917 467 2018 ῥηθεὶς
489 1930 720 2020 Κωνσταντῖνος
746 1921 763 1992 ὃ
791 1923 1073 2018 πορφυρογέννητος
1098 1923 1154 1993 σῦν
1178 1931 1218 2014 τῇ
1232 1941 1260 1996 Β,

111 2035 205 2119 μητρί
230 2032 342 2112 αῦτοῦ,
370 2029 412 2108 ὡς
433 2032 549 2116 εἴρηται
555 2079 565 2110 ,
591 2019 738 2116 ἐκράτησε
761 2035 816 2114 τῆς
837 2029 996 2112 βασιλείας
1012 2028 1062 2112 ἔτη
1081 2026 1116 2109 ζ’.
1166 2031 1219 2094 καὶ

112 2133 204 2201 πάλιν
226 2135 303 2218 μετὰ
326 2133 487 2222 Στεφάνου
504 2136 556 2199 καὶ
572 2128 803 2198 Κανσταντίνου
820 2137 882 2196 τῶν
897 2132 1146 2219 γυναικαῦελφιον
1163 2133 1221 2200 αῦ-

114 2245 170 2304 τοῦ
194 2233 311 2326 ἡμέρας
333 2235 399 2321 μβ.
449 2239 501 2302 καὶ
523 2232 722 2322 μονοκράτιορ
747 2233 804 2300 σῦν
819 2239 865 2323 τῷ
879 2233 939 2322 cip
954 2233 1050 2299 αὐτοῦ
1062 2231 1219 2324 Ῥωμανρῦ,

113 2341 192 2406 acet
216 2341 271 2425 τὴν
291 2344 394 2428 τρίτην
412 2344 584 2406 ῗνῦικτιιῦνα
600 2345 655 2404 τοῦ
672 2335 762 2426 ‘evil'
780 2336 881 2416 ἔτους,
908 2335 959 2421 ἀτη
978 2333 1012 2402 ιε’
1028 2333 1145 2426 ᾖμίρας
1162 2336 1220 2406 ιθ’.

70 2457 109 2512 20
213 2441 251 2510 ‘0
276 2443 379 2532 κῦριος
401 2441 556 2526 Ῥωμανάς
579 2438 597 2506 ῦ
621 2439 688 2518 υἱὸς
712 2441 824 2520 αῦτοῦ,
849 2439 884 2506 τὸ
912 2441 1047 2520 παιδίον,
1073 2443 1130 2508 σῦν
1155 2452 1220 2520 τοῖς

112 2549 190 2626 υἱοῖς
213 2547 309 2614 αῦτοῦ
331 2551 484 2636 Βασιλείῳ
506 2552 551 2636 τῷ
571 2540 832 2633 Βουλγαροκτάνῳ
849 2546 899 2610 καί
916 2546 1138 2636 Κανσταντίνῳ
1155 2553 1220 2624 τοῦς

113 2641 406 2739 πορφυρογεννήτοις
431 2649 482 2734 ἔτη
508 2648 534 2734 y'
560 2656 659 2732 μῆνας
683 2646 721 2712 d'.
772 2645 789 2713 ὃ
814 2648 848 2712 δὲ
869 2649 1031 2725 Βασίλειος
1052 2652 1104 2716 καὶ
1126 2650 1218 2717 Καιν-

116 2765 272 2830 σταντΐνος
288 2753 318 2818 οἳ
334 2751 443 2820 τοῦτου
460 2753 537 2832 οἶοί,
563 2750 742 2840 πάμβρεφοι
758 2749 858 2830 ὅντες,
883 2747 1000 2840 ἡμέρας
1016 2747 1054 2828 ς’.

187 2950 204 3002 1
223 2941 307 3021 ‘sols'
324 2945 455 3000 vallicell.
585 2949 603 3002 3
618 2944 772 3015 τηνικαῦτα
788 2945 808 3001 i.
825 2963 850 3000 e.
868 2943 920 3000 τοῦ
936 2940 1002 3019 ,sot'
1021 2931 1110 3008 ἔτους.
1126 2943 1219 3002 Lemh.

187 3017 222 3072 12
238 3017 342 3086 Στεφ]
359 3010 613 3087 οεβοιστοκράτορος
628 3017 757 3072 Vellicell.

118 3192 205 3244 eutem
232 3187 347 3242 secunda
371 3187 433 3242 anni
457 3185 526 3244 6437
552 3187 633 3242 edidit
654 3188 783 3244 novellam
805 3187 839 3243 de
861 3188 1014 3260 potentibus
1038 3187 1066 3241 in
1089 3186 1223 3244 consortio

117 3275 261 3330 pauperum
278 3257 492 3322 suceedentibns3
513 3275 581 3328 quee
597 3259 675 3312 etiam
691 3260 725 3313 ad
740 3259 912 3330 praeteritam
928 3259 1036 3328 primam
1053 3258 1223 3311 indictionem

119 3329 178 3383 sive
199 3333 303 3396 tempus
319 3345 430 3397 magnae
446 3328 522 3382 famis
537 3329 664 3398 pertinet.
700 3329 807 3382 eandem
824 3329 953 3383 novellam
969 3328 1113 3381 indictione
1130 3327 1223 3396 quinta

119 3397 183 3452 unni
198 3399 267 3454 6455
283 3398 429 3467 imperator
443 3398 634 3451 Constantinus
652 3399 826 3454 confirmavit.
861 3403 990 3454 caeterum
1007 3397 1042 3452 18
1059 3395 1135 3466 enni,
1154 3412 1224 3466 quo-

119 3485 177 3521 rum
198 3468 356 3589 Decapolita
378 3467 407 3519 in
430 3468 498 3510 *Η
522 3467 649 3534 meminit,
666 3476 843 3522 Ιιιιτταοτοοτιιι·
866 3487 882 3522 a
903 3469 987 3538 primu
1003 3467 1145 3520 indictione
1162 3464 1224 3518 anni

120 3535 201 3593 6437.
236 3555 265 3590 se
301 3539 335 3590 ab
353 3537 497 3590 indictione
513 3537 597 3606 prima
614 3537 675 3589 anni
692 3535 761 3592 6430
778 3539 836 3593 sive
852 3543 970 3608 tempore
985 3538 1075 3606 famis,
1101 3537 1136 3590 ad
1152 3533 1225 3604 qnod

120 3607 186 3662 haec
210 3623 314 3679 qnoque
336 3607 490 3662 constitutio
512 3609 641 3675 refertur,
666 3621 750 3676 usque
766 3609 800 3662 cd
815 3608 952 3680 imperium
967 3605 1135 3678 imperatoris
1152 3606 1225 3660 (lon-

120 3676 240 3730 standni.

125 3805 128 3810 ,
223 3745 322 3800 Iterum
342 3745 532 3801 Constantinus
549 3745 794 3816 Porphyrogenitus
812 3745 954 3816 imperavit
970 3763 1029 3801 oum
1044 3745 1179 3815 Stephano
1197 3743 1227 3796 et

121 3813 315 3885 Constantino,
335 3817 381 3885 qui
398 3817 433 3870 ab
449 3817 508 3886 ipso
525 3817 635 3889 imperio
654 3815 756 3870 detrusi
772 3820 801 3869 et
815 3815 843 3868 in
859 3815 979 3870 exsilium
994 3816 1049 3870 acti
1065 3821 1135 3870 sunt.

223 3887 368 3956 Imperavit
392 3887 491 3956 igitur,
520 3894 550 3940 ut
574 3885 751 3956 supradictum
776 3891 830 3953 est,
861 3887 1050 3940 Constantinus
1074 3882 1227 3952 Porphyre-

123 3953 226 4022 ‘genitus
250 3973 309 4009 cum
334 3962 419 4010 matre
444 3974 524 4009 annos
549 3954 579 4024 7,
606 3963 634 4008 et
655 3955 751 4009 iterum
773 3973 831 4008 cum
851 3955 986 4026 Stephano
1004 3962 1033 4010 et
1051 3949 1226 4008 Constantino

123 4024 213 4075 uxoris
238 4029 302 4078 snae
326 4026 455 4079 iratribus
479 4026 535 4079 dies
557 4027 607 4089 423
639 4031 667 4077 et
689 4027 761 4078 solus
784 4041 840 4079 cum
863 4025 981 4080 Romano
1006 4026 1062 4080 filio
1085 4035 1168 4076 annos
1189 4019 1225 4074 15

122 4089 181 4142 dies
197 4093 244 4158 19,
262 4094 407 4148 indictione
424 4095 505 4148 tertia
521 4095 582 4148 anni
598 4092 679 4151 643⁷.

226 4163 352 4218 Dominus
375 4165 507 4218 Romanus
530 4165 600 4218 filius
624 4165 694 4232 eius,
720 4167 892 4234 cognomento
909 4165 995 4230 Puer,
1017 4175 1076 4212 cnm
1091 4155 1155 4209 filiis
1171 4155 1226 4212 anis

123 4219 224 4282 Basilio
250 4237 278 4284 et
301 4233 474 4287 Constantino
497 4233 735 4305 Porphysogenitis
755 4233 896 4306 imperavit
916 4247 998 4288 annos
1020 4229 1053 4294 3,
1073 4242 1176 4280 menses
1197 4227 1225 4284 4.

123 4298 239 4355 Basilina
256 4307 343 4356 eutem
352 4325 353 4328 ¹
362 4309 390 4356 et
404 4303 594 4360 constantinus
610 4303 660 4362 lilii
676 4303 749 4373 eius,
763 4304 894 4372 inientes,
908 4299 1108 4372 imperavesunt
1121 4295 1181 4352 dies
1195 4297 1225 4356 6.

1287 4518 1399 4586 Δ
