2802 4636
481 284 540 350 DE
565 282 791 352 AEDIFICHS
819 287 878 353 ΟΡ.
1184 289 1233 362 85

130 473 189 558 sp
212 465 413 555 ποιησόμενος
435 466 575 556 ἐρενναν,
602 473 652 538 καί
669 470 823 560 κρατήσας
840 475 924 553 τινός
939 480 1000 542 τοῖν
1017 474 1162 544 τοιούτων
1179 487 1274 568 ily-1)

132 581 229 656 στῶν,
256 571 483 642 όνεσκολόπισεν
507 575 600 642 ἐκεῖσε
624 575 736 653 αὐτοὺς
757 576 852 663 ἤγουν
873 577 1068 668 ἐφοόλκισεν,
1095 573 1168 649 ὅθεν
1185 589 1235 650 καί

134 677 150 744 6
168 676 259 756 τόπος
275 675 392 762 ἐκλήθη
409 676 646 764 φοολκόληστος.

233 785 289 858 Εἰς
317 783 351 846 δὲ
375 781 428 847 τόν
452 779 546 848 τόπον
569 789 625 866 τῆς
648 779 736 868 ἁγίας
755 783 889 869 Θίκλης,
916 782 999 862 ὅστις
1016 785 1180 872 ἐπιλίγεται
1196 792 1235 855 τὰ

107 882 307 973 5Κοντόρια,
333 883 405 973 όρος
424 885 562 971 λέγουσιν
578 879 616 971 ἦν
633 888 681 950 ἐπὶ
697 893 752 954 τοῦ
769 886 934 968 Βύζαντος.
986 893 1037 955 καὶ
1055 897 1111 956 τοῦ
1127 893 1235 976 Α’ίμοο

131 995 186 1074 τῆς
219 987 347 1080 Θρᾴκης
377 990 529 1071 βασιλέως
556 987 702 1068 ἐλθόντος
731 997 903 1078 πολεμῆσαι
929 991 1030 1082 αότρῖ,
1064 993 1181 1079 ἔκοψαν
1207 999 1236 1062 ol

129 1091 293 1174 Βυζάντιοι
310 1093 342 1158 ἐκ
359 1099 415 1158 τοῦ
430 1091 568 1160 τοιοότοο
586 1091 681 1160 τόπον
698 1102 754 1161 τοῦ
771 1093 863 1184 όρονς
879 1094 1041 1184 κοντόρια,
1059 1100 1110 1164 καί
1128 1097 1236 1182 ἐλαβεν

130 1196 146 1262 ό
172 1195 266 1273 τόπος
289 1195 344 1280 τὴν
367 1199 577 1282 παρανομίαν.
628 1195 644 1263 6
670 1199 704 1264 δὲ
724 1199 819 1286 μίγας
835 1203 1066 1280 Κωνσταντῖνος
1082 1200 1236 1290 ἀνήγειρεν

131 1303 225 1367 ἐκεῖσε
242 1299 316 1366 ναὸν
333 1305 388 1383 τῆς
404 1298 563 1365 θεοτόκοα.
615 1298 631 1365 6
655 1304 689 1366 δὲ
706 1302 867 1381 Ἰονστῖνος
883 1301 899 1370 6
919 1305 979 1370 ἀπὸ
997 1303 1236 1392 κονροπαλότων

86 1415 122 1472 10
132 1407 174 1482 εἷς
204 1401 317 1480 κόλλος
349 1405 400 1467 καὶ
430 1403 561 1489 μέγεθος
583 1401 746 1472 ἐπλάτυνεν
770 1405 879 1485 αὐτόν,
905 1411 956 1472 καί
981 1407 1156 1492 ἐπωνόμασε
1182 1416 1237 1494 τῆς

129 1505 219 1594 ἁγίας
238 1507 365 1590 Θίκλης.

229 1608 266 1678 Ὁ
290 1609 533 1698 ἀρχιστρατηγός
554 1615 611 1676 τοῦ
628 1609 705 1675 ’Adai
727 1611 853 1696 ἐκτίσθη
876 1608 937 1677 όπό
963 1619 1018 1678 τοῦ
1041 1612 1136 1680 αότοιῖ
1158 1613 1235 1680 ’lov-

128 1716 247 1793 στίνον,
274 1713 308 1778 τό
326 1715 360 1779 dd
377 1710 535 1796 ἐπιόναμον
552 1714 674 1801 είληφεν
691 1713 751 1780 ἀπὸ
768 1721 824 1781 τοῦ
835 1715 911 1782 'Adel
927 1718 1096 1807 μαγίστρου
1114 1717 1234 1803 ἔχοντος
1250 1734 1272 1788 Ρ
1290 1735 1324 1789 44

126 1819 218 1886 ἐκεῖσε
236 1815 327 1884 οίκον.

86 1936 120 1990 15
232 1922 296 1988 Τόν
314 1921 346 1986 δὲ
364 1921 470 2003 λιμίνα
487 1926 542 2003 τῆς
558 1920 678 2007 Σοφίας
694 1920 798 2006 Σοφία
813 1918 834 2005 ἡ
851 1919 938 2005 λοιβὴ
950 1918 970 2004 ἡ
983 1921 1058 2008 γυνὴ
1072 1921 1235 1992 Ἰοαστίνοο

127 2025 257 2103 ἔκτισεν,
283 2023 361 2089 ἔνθα
378 2022 500 2088 καὶτὸν
519 2020 601 2088 οίκον
618 2022 714 2107 αότῆς
733 2019 818 2106 εἶχεν.
867 2025 928 2112 πρό
948 2026 982 2090 δὲ
999 2032 1055 2090 τοῦ
1071 2033 1235 2112 κτισθῆναι

128 2127 207 2192 στοὰ
236 2119 274 2210 ἦν
307 2129 399 2192 ἐκεῖσε
424 2122 629 2212 μακροειόής,
654 2125 739 2213 παρὰ
764 2133 819 2192 τοῦ
842 2126 975 2214 μεγάλου
1001 2131 1233 2196 Κωνσταντίνοο

127 2236 305 2310 κτισθεῖσα,
331 2231 363 2295 ἐν
380 2219 407 2319 ᾧ
422 2231 472 2294 καί
491 2225 657 2314 ἀνήρχοντο
676 2229 706 2294 oi
723 2227 887 2318 φιλόσοφοι
908 2231 1041 2315 Θηβαῖοι
1061 2231 1234 2319 Ἀθηναῖοι

197 2443 215 2497 4
231 2459 260 2511 p·
271 2441 307 2496 44
320 2441 405 2494 Band.
498 2435 540 2503 είς
550 2432 583 2492 ol
593 2431 660 2508 τόν]
677 2430 721 2493 ότι
736 2434 773 2493 τοί
792 2436 925 2510 λεγόμενα
941 2439 1101 2512 Κοντιίρια,
1118 2441 1134 2500 6
1153 2437 1234 2510 όίγιος

126 2575 129 2579 ¹
196 2507 349 2579 Γειόργιος,
378 2504 426 2566 ότε
451 2497 540 2577 ἦίνόεν
566 2504 582 2560 6
609 2503 735 2578 βασιλεὺς
761 2507 873 2583 Θρᾴκης
898 2506 971 2579 πρός
995 2509 1138 2576 Rogana,
1171 2512 1233 2568 ἔκο-

194 2592 256 2648 pov
273 2589 307 2622 ·'-
329 2582 362 2636 C.
464 2580 482 2634 9
507 2573 523 2632 6
550 2571 609 2630 ἀπὸ
633 2579 728 2646 κοντα]
755 2575 771 2632 6
796 2580 1106 2654 πρωτοκοοροπαίοίτης
1122 2579 1138 2635 d
1157 2578 1232 2652 οίνὴρ

196 2649 307 2718 Σοφίας
323 2650 374 2716 τῆς
390 2647 492 2718 Λωβῇς
508 2649 543 2701 C.
654 2651 688 2702 12
708 2666 735 2716 p.
753 2649 788 2704 46
802 2649 885 2704 Band.
999 2654 1032 2708 15
1050 2670 1077 2722 p.
1095 2653 1129 2704 45
1147 2654 1232 2708 Band.

197 2719 312 2786 Σοφία]
338 2713 487 2778 Ἰοοστῖνος
512 2713 617 2770 ἔκτισεν
634 2713 674 2778 εἰς
691 2713 842 2784 πρόσωπον
858 2719 910 2783 τ“ς
926 2716 1056 2790 γυναικός
1072 2717 1161 2774 αὐτοῦ
1176 2725 1233 2775 Σο-

198 2789 266 2856 φίας
283 2788 370 2841 cvn.
472 2784 506 2840 17
522 2782 710 2853 καμαροειόής
727 2786 761 2838 C.
865 2737 899 2840 16
916 2785 946 2840 οἷ
962 2791 1019 2856 φεῖ.
1041 2790 1130 2859 Θηβ.]
1155 2791 1231 2844 οἵτε

200 2856 324 2926 Θηβαῖοι
350 2852 399 2908 καὶ
421 2851 566 2920 Ἀθηναῖοι
583 2850 631 2906 καὶ
648 2849 805 2922 διελέγοντο
822 2851 892 2924 perci
909 2857 964 2909 τοῖν
981 2857 1102 2910 πολιτῶν
1119 2859 1232 2925 φιλοσό-

195 2943 262 3047 pop
281 2927 320 2992 C,
340 2920 369 2977 ol
384 2919 535 2992 φιλόσοφοι
552 2921 673 2994 όοσικοί,
691 2923 815 2996 θηβαῖοί
828 2941 859 2980 τε
873 2923 923 2978 καί
939 2921 1081 2995 οίθηναῖοι
1096 2925 1145 2980 καὶ
1162 2927 1229 2982 deal..

222 3011 238 3048 o
253 3032 260 3048 .

123 3182 264 3252 diligentia
286 3200 333 3237 eos
354 3183 566 3254 pervestigssse,
592 3184 740 3254 multosque
763 3200 798 3238 ex
819 3182 853 3237 iis
876 3185 968 3255 captos
989 3183 1055 3238 inibi
1071 3184 1153 3240 furcis
1170 3186 1231 3239 affi-

125 3255 214 3320 xisse,
240 3255 321 3322 atque
345 3253 439 3308 exinde
461 3253 548 3307 locum
569 3255 729 3308 nominatum
753 3271 812 3308 erse
836 3252 1014 3308 Folcolastnm
1036 3254 1093 3310 aive
1118 3258 1230 3310 Foroam

122 3325 264 3378 latronum.
541 3372 543 3376 .

229 3390 282 3444 Ubi
306 3407 376 3445 nnnc
400 3396 442 3445 est
462 3391 585 3461 templum
609 3391 640 3444 S.
665 3391 796 3462 Thwlae,
823 3391 895 3462 qnod
918 3389 1015 3445 dicitnr
1037 3393 1070 3446 ad
1092 3395 1229 3463 contario,

125 3461 165 3515 ibi
182 3461 243 3514 olim
258 3467 376 3531 tempore
392 3461 520 3530 Byzantio
538 3477 610 3514 mons
626 3460 689 3515 fuit.
723 3478 775 3531 qno
793 3479 859 3516 vero
876 3470 994 3531 ternpore
1011 3461 1124 3516 Haemus
1141 3465 1231 3518 Thra-

125 3531 184 3584 ciae
205 3547 255 3582 rex
279 3531 312 3582 ad
336 3531 422 3599 ipsum
442 3531 624 3584 debellandum
645 3531 735 3597 venit,
763 3531 890 3599 Byzantii
912 3531 1003 3584 hastos
1025 3533 1176 3586 ceciderunt
1198 3551 1231 3587 ex

124 3600 171 3653 illa
187 3599 281 3652 montis
298 3606 390 3670 parte,
416 3617 483 3669 qnae
500 3600 578 3652 etiarn
595 3616 664 3652 nnnc
680 3617 713 3652 ex
731 3618 764 3654 ea
780 3617 812 3653 ro
829 3601 958 3655 Contaria
974 3608 1148 3673 nuncupatur.
1184 3605 1231 3658 sed

126 3669 316 3723 Constantinus
347 3687 456 3739 magnus
482 3670 604 3739 ternplum
630 3669 668 3722 ibi
692 3670 845 3723 aedificavit
867 3669 967 3738 virgini
991 3671 1129 3742 deiparae,
1161 3673 1231 3742 qood

124 3748 220 3862 φρρορο
241 3738 358 3792 Iustinus
376 3739 587 3862 φτθοστφφαΙρῖκ
603 3745 707 3792 creatos
723 3739 864 3810 imperator
882 3738 1018 3810 ampliavit
1035 3747 1063 3794 et
1080 3742 1229 3806 exornavit,

124 3825 140 3862 a
178 3825 405 3862 roconorneoo
443 3847 451 3863 .
512 3825 592 3861 eoae.

229 3827 367 3947 Tegrnplnrn
390 3879 421 3932 S.
444 3878 582 3932 Michaelis
604 3875 755 3946 archangeli
771 3876 978 3946 cognominatum
994 3877 1069 3932 Adae
1087 3881 1120 3932 ab
1138 3876 1228 3930 eodem

125 3947 385 4070 {nstinobconditum
408 3951 460 4002 eat.
494 3964 638 4016 cognomen
660 3963 725 4000 vero
749 3945 831 4001 habel
852 3948 885 4000 ab
908 3946 967 4000 Ada
989 3949 1127 4018 magistro,
1153 3943 1228 3997 cuins

143 4035 215 4071 omns
231 4018 242 4070 i
260 4019 353 4073 ierat.

229 4088 338 4140 Portum
355 4085 514 4157 Sophianunn
532 4085 634 4155 Sophia
653 4088 823 4154 cognomento
842 4085 917 4138 Lobe
934 4087 992 4140 sive
1008 4085 1141 4147 mutilata,
1162 4096 1227 4134 uxor

126 4154 236 4224 lustini,
253 4155 386 4223 condidit,
405 4173 457 4226 qno
474 4157 531 4210 loco
548 4155 633 4226 ipsius
649 4157 774 4226 palatium
791 4155 852 4210 fuit.
886 4155 914 4208 id
931 4162 1070 4222 antequam
1084 4151 1110 4200 in
1123 4166 1154 4200 eo
1168 4149 1227 4203 loco

124 4229 341 4291 construeretur,
368 4231 427 4279 erat
447 4225 486 4279 ibi
509 4226 620 4295 oblonga
635 4225 756 4308 porticos
773 4243 790 4279 a
807 4225 983 4278 Constantino
1000 4235 1093 4300 pagno
1111 4219 1226 4284 condita,

123 4292 153 4346 in
171 4309 225 4362 qna
240 4293 388 4366 philosophi
404 4295 528 4352 Thebani
546 4294 718 4352 Athemenaos
735 4303 764 4350 et
779 4295 900 4365 reliquae
917 4295 1046 4346 Graecroo
1063 4286 1228 4344 drsserehaot
