2814 4608
190 243 262 314 192
532 233 708 300 INCERTI
732 231 947 300 AUCTORIS

293 427 343 495 Τδ
369 427 503 512 τέσσαρα
527 418 658 510 δππόρια
680 419 720 488 voi
739 417 949 508 χρυσόβαφα,
974 419 1013 486 cd
1037 418 1194 509 φερόμενα
1219 423 1305 494 ἅνω.

187 542 244 602 θεν
268 539 325 600 τοῦ
344 529 497 610 Ἱππικοῦ,
523 529 556 593 ἐκ
578 534 633 612 τῆς
649 527 731 592 Χίου
748 523 844 610 νήσου
861 524 972 610 ήκασιν
989 525 1037 590 ἐπὶ
1056 526 1226 594 Θεοδοσίου
1244 541 1303 599 τοῦ

187 644 309 728 μικροῦ.

288 775 341 840 Ἐκ
364 777 420 838 τοῦ
442 767 660 858 προειρημένου
680 765 805 832 Ἰκονίου
826 763 973 853 Περσέως
989 763 1085 852 στήλη
1104 771 1154 833 καί
1172 769 1303 859 Ἀνδρο-

83 901 105 953 Ρ
123 897 175 957 106
191 881 287 966 μέδης
302 875 460 964 θυγατρός
475 879 636 958 βασιλικῆς
651 867 849 960 όπαρχοόσης
856 919 867 950 ,
890 869 930 955 ἢν
946 870 975 935 οἱ
988 871 1089 953 μῦθοί
1100 898 1177 960 ῳασι
1188 878 1244 940 καί
1253 898 1328 955 τις5

187 992 249 1052 τῶν
273 983 433 1069 ἱστορικῶν
456 981 601 1044 δίδοσθαι
619 978 733 1041 θυσίαν
749 982 792 1062 τῷ
810 977 903 1040 ἐκεῖσε
921 973 1128 1061 ἐμῳιολεόοντι
1146 975 1301 1064 δράκοντι.

189 1086 286 1166 οὕτως
309 1086 368 1174 γὰρ
392 1077 429 1169 ἦν
452 1083 485 1148 ἐκ
510 1087 645 1157 παλαιᾶς
662 1080 843 1163 συνηθείας,
870 1079 1017 1144 δίδοσθαι
1034 1081 1188 1166 παρθένον
1205 1081 1302 1170 κόρην

188 1199 232 1283 τῷ
249 1193 369 1278 θηρίῳ·
395 1187 473 1254 καθ’
492 1185 531 1271 ἣν
543 1183 730 1272 Ἀνδρομέδα
748 1185 875 1247 δεθεῖσα
888 1180 1028 1248 θανάτου
1043 1185 1125 1249 αἰτία
1139 1192 1183 1274 τῷ
1196 1191 1300 1277 θηρίῳ

189 1295 294 1381 ἐμελλε
312 1296 467 1358 δίδοσθαι.
519 1286 535 1354 ό
553 1295 626 1374 γοῦν
643 1287 858 1374 προειρημένος
873 1287 1014 1373 Περσεὺς
1029 1287 1124 1354 έκεῖσε
1140 1287 1223 1372 ήκων
1239 1290 1300 1356 πό-

189 1407 282 1466 θεται
307 1394 454 1482 κλαιούσῃ
481 1399 519 1481 τῇ
542 1391 759 1478 Ἀνδρομέδῃ,
786 1391 818 1455 τί
840 1388 878 1454 δν
904 1391 949 1474 εἴη
975 1393 1118 1476 δεδεμένη
1142 1395 1194 1457 καὶ
1215 1401 1342 1482 θρη-10

189 1509 297 1569 νοῦσα.
346 1497 366 1584 ἦ
394 1501 426 1566 δέ
451 1497 486 1564 τὸ
514 1495 637 1580 συμβὰν
663 1492 841 1580 ἐξηγήσατο.
892 1501 947 1558 τοῦ
975 1496 1008 1559 δέ
1034 1499 1221 1576 καθίσαντος
1247 1491 1300 1584 ήκε

152 1607 228 1673 Βτδ
263 1606 384 1692 θηρίον.
437 1601 529 1678 αὗεδς
563 1601 595 1665 δέ
628 1601 660 1662 Γ
658 1595 783 1683 οργόνης
815 1598 951 1684 κεφαλήν
980 1600 1012 1663 ἐν
1041 1597 1125 1690 πήρη
1154 1603 1301 1686 κατέχων,

192 1711 412 1796 όπισθοφανῶς
436 1706 599 1792 στραῳείς,
627 1705 757 1767 δείκνυσι
781 1707 827 1790 τῷ
849 1703 966 1788 θηρίῳ·
994 1699 1067 1788 ὅπερ
1089 1702 1163 1768 ἰδὼν
1186 1707 1302 1783 ἐκεῖνος

192 1813 357 1894 ολπίψυξεν.
407 1807 523 1892 ἐκλήθη
548 1799 602 1872 οὖν
624 1804 753 1870 Ἰκόνιον
777 1803 862 1890 παρὰ
889 1803 1070 1891 Φιλοδολρου
1092 1804 1110 1890 ἦ
1133 1805 1219 1886 πόλις
1242 1809 1299 1874 διὰ

190 1917 227 1982 τό
255 1913 358 1999 ήκέναι
382 1914 435 1978 τόν
458 1913 583 1998 Περσέα
608 1912 659 1974 καὶ
682 1917 780 1977 σῶσαι
807 1907 863 1991 τὴν
892 1909 1121 1996 Ἀνδρομέδαν.
1170 1909 1344 1999 [φόνοις15

192 2018 334 2105 ἀτύχημα
356 2025 395 2105 τῇ
418 2014 502 2082 πόλει
527 2017 559 2080 ἐκ
582 2021 637 2080 τοῦ
654 2011 970 2098 ήκοντοςΠερσέως.]
1021 2005 1060 2097 ήν
1085 2015 1117 2080 δέ
1140 2013 1236 2100 όνομα
1260 2024 1301 2103 τῇ

191 2122 276 2189 πόλει
300 2122 335 2190 τό
360 2121 420 2186 ἀπὸ
445 2119 586 2205 γενέσεως
603 2118 721 2203 Δορία·
747 2115 848 2181 ἔπειτα
871 2115 988 2200 ἐκλήθη
1009 2117 1188 2206 Θρηνῳδιά·
1214 2121 1303 2208 παρδι
1405 2125 1406 2154 ί

194 2228 228 2292 δέ
255 2221 435 2309 Φιλοδώρου
459 2229 515 2287 τοῦ
538 2227 695 2304 λογισεοῦ,
722 2221 754 2284 ἐκ
776 2226 832 2284 τοῦ
848 2218 929 2303 ήκειν
945 2219 998 2285 τόν
1014 2223 1156 2309 Περσεά,
1182 2221 1301 2309 ἐκλήθη

189 2327 330 2394 Ἰκόνιον.
381 2326 459 2390 ένθα
477 2322 638 2406 ἐτελειώθη
656 2321 673 2386 ό
693 2322 784 2398 αότδς
800 2323 940 2407 Περσιδς
955 2322 1011 2388 σόν
1028 2331 1066 2412 τῇ
1089 2327 1301 2415 Ἀνδρομέδῃ.

156 2445 180 2500 c
198 2429 298 2498 ἐπάνω
323 2429 356 2495 δέ
378 2437 434 2514 τῆς
449 2425 563 2514 πόρνης
579 2434 634 2508 τῆς
649 2423 766 2502 πόλεως
781 2424 941 2510 ἐστηλαῖθη
959 2426 1136 2517 ἀμφότερα·
1162 2431 1241 2496 καθ’
1261 2432 1344 2516 doio

194 2538 247 2601 καὶ
273 2535 382 2600 θυσίαι
407 2534 515 2596 πολλαὶ
540 2527 695 2615 γεγόνασιν
719 2530 810 2594 ἐκεῖσε
837 2529 921 2616 παρὰ
947 2532 1059 2598 Δεκίου
1087 2538 1138 2598 καὶ
1163 2536 1303 2620 Διοκλη-

194 2644 299 2706 τιανοῦ
333 2637 383 2700 καὶ
419 2637 637 2716 Μαξιμιανοῦ·
682 2631 759 2698 ένθα
792 2637 926 2698 πλεῖστοι
961 2633 1042 2721 ἅγιοι
1075 2637 1303 2726 ἐμαρτύρησαν.

195 2740 304 2828 ήκασιν
329 2732 460 2806 οὖντοῦ
484 2763 517 2804 τε
540 2737 687 2826 Περσέως
717 2739 768 2802 καὶ
796 2737 1013 2827 Ἀνδρομέδας
1038 2742 1073 2807 αἲ
1096 2749 1206 2828 στῆλαι
1213 2792 1225 2827 ,
1259 2740 1304 2824 ὥς

301 3039 436 3102 Quattuor
452 3034 490 3090 illi
505 3034 565 3108 equi
582 3033 715 3104 deaurati,
736 3033 765 3088 iu
781 3033 901 3106 supernis
918 3034 1091 3108 Hippodromi
1108 3039 1229 3108 pertibus
1247 3040 1301 3092 col-

197 3107 292 3174 locati,
314 3125 347 3160 ex
364 3107 433 3159 Chio
449 3106 534 3162 ἰαειιίο
550 3105 700 3159 Theodosio
716 3105 817 3158 iuniore
834 3105 976 3175 imperante
993 3107 1101 3160 adducti
1117 3116 1190 3162 sunt.

299 3210 343 3262 Ex
367 3210 456 3262 Iconio
482 3225 562 3280 supra
585 3213 727 3262 memorata
750 3208 816 3260 urbe
840 3206 930 3264 Persei
953 3215 1040 3262 etatua
1065 3216 1093 3262 et
1117 3211 1301 3264 Andromedae

197 3279 286 3348 regiae
303 3281 388 3346 filiae,
407 3296 490 3348 quae,
508 3289 538 3332 ut
551 3279 671 3332 fabulose
687 3277 774 3330 fertur
790 3283 819 3330 et
836 3277 912 3331 etiam
929 3297 945 3331 a
962 3280 1073 3348 quodam
1090 3280 1217 3333 historico
1234 3297 1303 3348 pro·

197 3350 281 3402 ditum
297 3357 350 3415 ast,
371 3349 479 3401 draconi
493 3349 547 3400 illic
564 3349 592 3400 in
608 3345 723 3398 latibulis
741 3347 830 3414 agenti
844 3347 952 3402 victima
969 3351 1031 3402 dato
1048 3350 1107 3402 fuit.
1142 3350 1186 3402 hie
1203 3349 1302 3420 quippe

197 3436 253 3472 mos
271 3419 328 3470 olim
346 3425 418 3483 erat,
437 3427 466 3470 ut
482 3419 555 3470 seraa
572 3417 649 3484 virgo
666 3416 829 3480 traderetur3
851 3433 932 3485 quare
948 3419 1040 3470 vincta
1056 3420 1220 3472 Andromeda
1237 3419 1301 3470 dra·

198 3487 272 3552 coni,
300 3488 343 3540 cui
369 3488 458 3539 mortio
485 3503 564 3538 causa
587 3485 653 3550 suit,
679 3486 806 3539 tradenda
828 3493 893 3539 erat.
928 3495 1085 3540 memoratus
1104 3505 1166 3541 vero
1186 3489 1302 3541 Peraeae

199 3574 255 3610 cum
273 3557 339 3608 istac
357 3555 466 3609 haberet
482 3557 549 3621 iter,
567 3556 696 3624 lugentem
712 3555 900 3608 Andromedam
916 3565 1089 3626 percontatur
1099 3575 1146 3610 cur
1157 3557 1197 3610 eic
1207 3558 1303 3610 vineta

198 3626 311 3694 lugeret.
345 3643 400 3678 rem
424 3626 468 3678 iiia
493 3633 583 3678 narrat
607 3631 637 3678 ut
659 3625 815 3694 contigerat.
850 3625 892 3678 itio
910 3633 996 3678 eutem
1014 3627 1122 3680 cedente
1138 3629 1194 3680 iera
1210 3627 1302 3680 irruit.

197 3701 253 3748 turn
277 3696 387 3746 Perseus
414 3695 548 3764 Gorgonis
571 3699 663 3764 caput,
690 3695 760 3763 quod
777 3695 805 3746 in
822 3711 886 3764 pera
904 3695 1031 3766 habebat,
1055 3703 1128 3750 retro
1154 3712 1301 3750 conversus

197 3766 272 3818 ierac
296 3765 420 3816 ostendit.
455 3782 506 3833 quo
532 3764 578 3816 ilia
600 3771 737 3832 conspecto
761 3764 916 3846 exspiravit.
951 3765 1021 3818 unde
1043 3767 1107 3819 urbe
1125 3784 1142 3820 a
1158 3765 1301 3819 Philodoro

196 3833 312 3886 Iconium
330 3841 425 3885 vocata
442 3842 499 3900 eet,
525 3833 588 3902 quia
605 3834 716 3886 Perseus
734 3851 765 3885 eo
782 3834 875 3886 ivisset
892 3834 1133 3906 Andromedamque
1150 3835 1301 3889 liberasset.

197 3920 291 3956 nomen
309 3911 395 3954 autem
414 3904 486 3954 urbis
506 3919 521 3953 a
538 3903 643 3954 conditu
661 3921 709 3956 suo
726 3903 807 3956 Doria
824 3905 925 3958 suerat:
949 3905 1010 3957 hinc
1030 3904 1183 3958 Threnodia
1199 3920 1302 3960 naucu-

197 3981 263 4091 ροοα
289 3981 342 4038 est,
368 3972 468 4023 demum
485 3973 518 4022 ab
537 3972 649 4024 adventu
667 3973 758 4025 Persei
774 3973 888 4025 leonium
906 3992 922 4026 a
937 3974 1077 4027 Philodoro
1094 3976 1192 4044 logista
1207 3973 1301 4044 appel·

208 4051 252 4094 eta
275 4043 338 4094 fuit.
372 4041 401 4093 in
423 4056 476 4107 qua
492 4047 546 4090 tum
565 4041 677 4093 Perseus
693 4048 749 4095 tum
766 4043 930 4095 Andromeda
944 4053 1051 4097 mortem
1069 4045 1204 4110 obierunt,
1231 4059 1300 4112 quo-

197 4124 254 4162 rum
278 4121 382 4164 statuae
406 4125 485 4176 supra
509 4117 609 4175 portam
631 4111 704 4162 urbis
722 4119 825 4164 erectae
841 4119 918 4175 eunt3
942 4130 993 4182 quo
1010 4116 1066 4166 loco
1084 4115 1166 4166 multa
1182 4130 1199 4165 a
1215 4111 1300 4165 Decio

197 4175 361 4234 Diocletiano
386 4187 413 4232 et
434 4175 594 4231 Maximiano
617 4179 703 4230 oblata
726 4181 950 4248 commenticia,
976 4183 1022 4235 uhi
1041 4183 1102 4235 item
1118 4182 1208 4237 eaucti
1223 4181 1301 4236 multi

197 4249 323 4314 martyrio
346 4246 478 4319 perfuncti
501 4251 570 4298 sunt.
612 4247 739 4303 advectae
761 4250 852 4318 itaque
875 4259 951 4320 aunt,
978 4251 1128 4320 otientur,
1153 4252 1247 4304 Pereat
1272 4257 1300 4302 et
