2802 4636
465 315 524 380 DE
552 311 805 383 ORIGINIBUS
834 315 895 382 GP.
1192 323 1238 390 13

129 510 325 596 γνωρίσματα
352 503 404 568 dmi
426 509 487 570 τῶν
512 503 704 587 ἐπικειμένων
728 503 797 594 ᾠῶν
820 515 885 582 τοῖς
908 509 1036 588 χαλκοῖς
1062 505 1243 588 ὀβελίσκοις.

131 616 183 678 καὶ
198 613 287 698 μέχρι
303 609 359 694 μὲν
376 599 413 673 οὗ
429 617 537 696 περιῆν
554 607 570 674 ὃ
589 613 727 694 Σεβήρος
736 657 746 688 ,
774 609 834 675 ἀπὸ
851 607 961 676 τοότου
979 610 1089 688 παιδός
1102 611 1244 678 Ἀντωνί-

131 743 185 782 νου
199 715 372 781 Ἀντωνινία
388 710 408 798 ή
425 711 514 790 πόλις
530 713 775 797 κατωνομάζετω
794 713 854 778 ἀπὸ
875 715 907 778 ἀὲ
924 720 979 780 τοῦ
990 713 1244 808 Βόζαντοςμίχρι

130 828 185 886 τοῦ
202 817 342 905 Σεβήρου
361 817 413 901 ἴτη
431 819 562 900 διῆλθον
579 815 724 896 ἑξακόσια
741 817 927 903 ἀγδοήκοντα
943 818 1040 882 πέντε.

108 941 124 992 5
229 923 308 988 Ἀλλ’
334 922 518 986 ε’πανακτίον
541 921 594 987 τόν
617 920 724 1007 λόγον,
751 924 802 986 καί
830 923 986 1005 ἀιιγγητίον
1004 919 1086 998 ὅπως
1103 925 1281 1010 Σεβήροςο

129 1035 186 1092 τοῦ
204 1027 373 1106 Βυζαντίον
399 1022 574 1112 ἐκράτησεν.
627 1025 762 1102 ἀναστάς
788 1028 820 1091 ἐκ
834 1023 954 1108 Ῥώμης
977 1029 1118 1112 Σεβήρος
1143 1028 1245 1092 κατεί-

130 1137 209 1218 ληφε
227 1130 262 1196 τό
280 1127 468 1209 Βυζάντιον,
495 1135 678 1219 κρατοῦντος
694 1127 761 1196 τότε
780 1131 876 1214 αὐτοῦ
893 1133 1010 1217 Νίγρου
1028 1136 1083 1195 τοῦ
1101 1129 1169 1195 υἱοῦ
1188 1135 1246 1194 Τι-

130 1237 262 1318 μησίου·
305 1235 356 1298 καὶ
382 1233 533 1318 εἰρηνικὰς
557 1233 692 1310 σπονιλάς
719 1234 796 1317 μετὰ
821 1239 938 1321 Νίγρου
965 1232 1097 1317 ποιήσας
1122 1238 1247 1318 είσήλθε

131 1339 210 1422 μετὰ
228 1344 287 1404 τῶν
304 1335 492 1422 μεγιστάνων
510 1340 605 1403 αὐτοῦ
622 1343 664 1415 είς
680 1337 715 1402 τό
733 1335 912 1418 Βυζάντιον.
947 1340 1010 1403 inei
1029 1339 1062 1402 de*
1080 1337 1108 1401 oi
1126 1335 1248 1416 Βυζάν-

91 1461 191 1514 lquor
207 1438 267 1507 ἀπὸ
284 1439 478 1508 Μακεδόνων
495 1449 595 1518 κακῶς
612 1443 843 1528 ἐπολιορκοῦντο
860 1445 910 1507 καὶ
928 1443 1141 1528 ἐλυμαίνοντο,
1159 1443 1249 1525 ἐξήλ-

131 1553 189 1612 dev
207 1543 223 1612 ὃ
242 1549 381 1633 Σεβήρος
397 1547 476 1611 κατά
494 1544 706 1626 Μακεδόνων,
732 1543 917 1634 ὑπερμαχῶν
935 1547 1120 1625 Βυζαντίων.
1172 1548 1248 1628 με’λ-

132 1657 194 1716 λων
220 1652 253 1714 δὲ
277 1651 455 1736 ἕξίρχεσθαι
477 1651 533 1735 τήν
558 1653 638 1714 idlae
662 1651 821 1736 θυγατέρα
847 1658 890 1738 τῷ
915 1657 968 1715 τοῦ
986 1653 1104 1736 Νίγρου
1129 1649 1188 1736 υἱῷ
1207 1653 1250 1726 εἷς

131 1763 259 1839 γυναῖκα
276 1756 466 1840 παρέδωκεν·
491 1754 544 1820 τόν
561 1755 620 1842 γάρ
639 1753 770 1841 στρατόν
788 1755 882 1819 αὐτοῦ
901 1751 916 1819 ὁ
935 1757 1074 1841 Σεβήρος
1091 1756 1248 1818 κατέλιπεν

131 1861 164 1922 ἔν
188 1857 398 1944 Χρυσοπόλει.
450 1859 482 1922 ἓν
508 1859 541 1922 δὲ
563 1865 601 1944 τῇ
624 1865 680 1923 τοῦ
703 1855 804 1941 γάμου
832 1857 943 1947 εάωχίφ
969 1857 1099 1940 ἴστήσαν
1123 1859 1171 1919 ἐπὶ
1196 1861 1250 1939 τῆς

89 1943 282 2048 15τραπίζής
308 1960 363 2026 driu
389 1959 559 2048 φιλόσοφοί
580 1986 658 2037 τινες
670 1957 835 2041 Ῥωμαῖοι,
865 1959 994 2044 Φόρτων
1019 1961 1070 2023 καὶ
1094 1961 1251 2046 Μαρκίων

130 2063 332 2148 καλούμενοι,
350 2059 400 2127 καὶ
420 2061 502 2128 εἷπον
519 2062 596 2151 πρὸς
613 2063 685 2139 τοὺς
702 2064 863 2138 ἐσθίοντας
876 2064 1062 2141 Βυζαντίους
1074 2058 1250 2148 ι(ἠγάγομεν
1265 2073 1290 2127 D

128 2168 233 2252 χαράν
251 2167 366 2253 ἀκερδή
385 2169 436 2229 καὶ
453 2163 551 2249 λόπην
569 2165 730 2249 ἀζήμιον.”
783 2165 1067 2251 προσκαλεσάμενος
1085 2167 1119 2232 dd
1134 2169 1251 2251 Νίγρος

131 2269 206 2345 τοὺς
224 2266 416 2356 φιλοσόφους
434 2269 529 2334 αὐτοῦ
546 2270 638 2333 ἐποίει
656 2269 778 2356 ἔρευναν
804 2271 871 2354 περὶ
897 2275 952 2333 τοῦ
976 2267 1123 2357 ῥήματος.
1174 2270 1248 2334 ἀλλ’

132 2374 233 2450 οάόείς
259 2369 405 2456 ήάονήθη
432 2375 644 2460 ἀιερμηνεῦσαι
669 2370 755 2437 αὐτό.
808 2367 850 2449 εἷς
868 2373 902 2437 da'
917 2399 964 2450 τις
980 2379 1041 2438 τῶν
1058 2375 1090 2438 ἓν
1106 2379 1150 2462 τῷ
1168 2399 1249 2458 συμ-

89 2479 230 2566 λοποσίιρ
243 2476 445 2557 ἀνακειμένων
452 2524 462 2555 ,
481 2476 622 2560 ἀγχίνους
638 2473 718 2540 πόνυ
726 2525 736 2554 ,
755 2474 815 2560 ήιλή
833 2475 971 2562 γεραιός,
991 2473 1249 2562 ἀναλογισάμενος

131 2582 167 2646 τό
187 2578 379 2668 ἀπόφθεγμα
397 2577 475 2644 εἶπεν
486 2577 600 2646 ατοῦτό
619 2581 699 2644 ἔστιν
718 2581 838 2655 ῒππικὸς
855 2583 905 2644 καί
924 2581 1123 2666 ἀγωνιστικὸς
1135 2580 1246 2666 ἀγών.”

132 2682 201 2751 τότε
229 2681 244 2748 ὃ
263 2687 401 2772 Σεβήρος
428 2683 506 2772 πρὸς
523 2687 690 2772 θεραπείαν
708 2691 763 2749 τοῦ
780 2690 996 2772 συμπενθεροῦ
1015 2685 1110 2751 αὐτοῦ
1127 2689 1246 2774 Νίγρου

203 2864 221 2917 4
238 2857 314 2930 ἀγελ]
329 2857 505 2930 πεντήκοντα
524 2865 587 2916 Vat.
706 2865 722 2915 5
739 2856 802 2915 ’ἀλλ’
823 2891 857 2902 -
876 2862 1102 2930 Κωνσκαντίνου]
1120 2863 1186 2916 haee
1204 2881 1245 2916 om

203 2933 365 2999 Hesychius.
462 2935 496 2988 10
513 2927 570 2984 ἀπό
590 2934 679 3001 vulgo.
780 2933 814 2986 14
831 2926 876 2984 ἐπὶ
895 2927 947 2998 τήν
965 2927 1041 2982 κοίτω
1058 2937 1161 2997 μοῖραν
1179 2951 1246 2996 τρα-

201 2996 394 3124 {igylpegquvv
407 3002 462 3068 τοῦ
479 3002 624 3071 ὃιαζυγίον
643 3005 705 3054 Vat.
831 3003 863 3055 15
881 2997 996 3070 φόρτων
1013 3001 1090 3070 Vat.,
1112 2997 1245 3068 Φρόντων

134 3227 175 3278 oia
199 3227 339 3294 exhibent,
368 3243 420 3278 ova
446 3227 564 3281 nimirum
586 3230 675 3282 aeneis
697 3229 817 3282 obeliscis
834 3229 970 3298 imposita.
1007 3245 1142 3298 quousque
1161 3227 1244 3296 igitur

134 3297 252 3349 Severus
269 3305 404 3366 superstes
421 3299 488 3363 fuit,
508 3301 540 3350 ab
558 3299 614 3352 eius
633 3301 687 3351 filio
705 3300 839 3352 Antonino
856 3301 921 3351 urbe
932 3298 1074 3350 Antoninia
1091 3299 1244 3368 appellaba-

134 3376 187 3420 tur.
224 3385 240 3418 e
257 3367 378 3434 Byzante
396 3375 482 3420 autem
500 3371 632 3436 usquead
651 3371 778 3422 Severum
796 3369 858 3421 anni
876 3367 927 3423 685
945 3369 1028 3437 elapsi
1045 3375 1116 3421 sunt.

206 3437 259 3488 Sed
277 3437 427 3488 revocanda
445 3439 530 3490 oratio
549 3443 604 3501 est,
622 3447 650 3490 et
667 3441 821 3492 narrandum
840 3438 968 3506 quomodo
986 3439 1101 3490 Severus
1112 3435 1244 3504 Byzantio

134 3507 237 3576 potitus
255 3506 299 3563 sit.
336 3507 472 3575 profectus
490 3507 575 3560 Roma
592 3508 709 3560 Severus
727 3509 885 3577 Byzantium
904 3508 993 3575 venit,
1011 3507 1082 3578 quod
1099 3507 1185 3576 Niger
1197 3507 1247 3560 Ti-

135 3575 210 3628 mesii
226 3575 293 3628 fliius
311 3582 374 3628 tunc
393 3586 588 3648 occupaverat3
615 3579 739 3648 pacisque
764 3579 872 3630 foedere
897 3578 998 3630 sancito
1017 3595 1075 3631 cum
1092 3578 1246 3644 proceribus

135 3647 189 3698 suis
208 3646 298 3697 urbem
315 3645 452 3714 ingressus
470 3657 519 3699 est.
555 3655 648 3717 postea
666 3665 730 3699 vero
754 3665 811 3700 cum
829 3647 956 3714 Byzantii
982 3647 1058 3716 gravi
1074 3647 1247 3700 Macedonum

135 3715 271 3768 obsidione
288 3729 478 3784 premerentur,
498 3717 615 3770 Severus
632 3725 722 3769 contra
737 3717 895 3769 Macedonas
905 3733 1028 3786 egressus
1047 3733 1095 3786 pro
1107 3715 1248 3784 Byzantiis

134 3785 275 3854 pugnavit.
311 3785 431 3838 exiturus
448 3803 512 3838 vero
529 3788 608 3844 filiam
627 3804 699 3838 auam
709 3787 785 3854 Nigri
801 3787 856 3838 filio
874 3803 982 3840 uxorem
999 3787 1085 3840 dedit:
1105 3787 1247 3839 exercitum

136 3855 206 3906 enim
222 3871 296 3906 suum
313 3855 432 3908 Severus
452 3857 612 3928 Chrysopoii
627 3858 780 3925 reliquerat.
816 3874 872 3908 cum
890 3857 974 3924 igitur
999 3857 1107 3927 nuptiae
1131 3856 1250 3908 celebra-

136 3931 245 3989 rentur,
264 3923 314 3975 duo
332 3925 439 3992 quidam
454 3926 603 3996 philosophi
620 3926 746 3992 Romani,
772 3925 868 3996 quibus
885 3925 1003 3980 Phorton
1021 3936 1049 3979 et
1062 3925 1183 3978 Marcion
1200 3939 1249 3974 no-

61 3995 63 4000 ’
135 4009 196 4045 nien
221 3999 296 4059 erat,
324 4011 430 4046 mensae
456 3997 613 4062 astiterunt,
638 3996 793 4062 Byzantinis
819 3995 985 4066 epulantibus
1012 3997 1131 4049 dicentes
1151 3988 1250 4045 “inane

137 4061 262 4130 gaudium
280 4068 308 4114 et
330 4063 445 4118 dolorem
472 4065 618 4122 indemnem
644 4059 823 4118 adduximus.”
859 4083 941 4134 quare
959 4066 1058 4134 Niger,
1085 4062 1187 4115 vocatis
1217 4060 1250 4114 ad

137 4149 168 4183 eo
189 4132 352 4200 philosophis
376 4134 445 4202 suis,
475 4136 539 4204 quid
563 4135 615 4188 eibi
638 4137 687 4188 hoc
704 4135 801 4188 dictum
819 4136 901 4188 veliet
918 4135 1066 4204 inquisivit.
1100 4131 1146 4182 sed
1164 4131 1251 4184 nullus

136 4200 311 4270 interpretari
329 4209 445 4271 poteret.
480 4223 547 4258 unua
564 4215 651 4260 eutem
670 4223 704 4258 ex
721 4205 840 4258 convivis
857 4205 992 4259 admodum
1008 4199 1181 4269 ingeniosus,
1199 4199 1251 4250 iam

138 4287 236 4338 senex,
268 4273 460 4342 apophthegma
478 4275 542 4328 illud
560 4276 745 4338 considerans,
773 4269 845 4328 “hoe
863 4270 927 4328 eet'’
953 4271 1042 4338 inquit
1061 4261 1206 4349 “equestre
1223 4275 1251 4315 et

137 4341 287 4410 gymnicum
316 4338 477 4399 certamen.”
510 4352 564 4399 tum
592 4348 708 4400 Severus
733 4347 762 4398 in
786 4346 913 4400 honorem
939 4339 1026 4394 affinio
1044 4353 1086 4389 sul
1102 4335 1181 4402 Nigri
1199 4335 1250 4384 duo
