2808 4616
346 217 515 288 BREVES
540 213 747 284 ENABRAT.
774 213 1023 283 CHRONOGR.
1161 215 1235 287 169

132 412 184 474 καὶ
208 409 324 475 ἐτίθετο
346 409 378 473 ἐν
398 412 444 495 τῷ
460 401 582 494 Σινάτῳ
601 403 658 481 ἕως
673 409 735 470 τῶν
750 405 913 490 γενεθλίων
930 410 986 488 τῆς
1001 399 1126 481 πόλεως.
1175 403 1235 471 tut

134 515 168 578 δὲ
189 513 373 589 Ἰουλιανοῦ,
399 509 452 575 διδ
476 508 529 576 τὸν
548 508 750 598 χαραχθέντα
774 506 907 594 σταυρὸν
924 509 956 573 έν
972 507 1072 597 αὐτῷ,
1096 505 1235 601 βοθάνην,

134 615 211 683 ὅπου
227 614 267 683 τά
282 620 407 682 πλείστα
423 610 585 696 θεάματα,
611 614 661 678 καλ
679 610 754 678 αὐτὸ
770 609 940 699 παρεδόθη.
1249 622 1274 676 F

580 797 724 882 Θέαμα
762 795 790 883 γ’
840 849 844 856 -

105 952 125 1005 5
462 934 552 1003 τῶν
587 931 633 1001 ἐν
666 933 726 1026 τῷ
762 923 903 1028 (γάρῳ.

233 1089 390 1172 Βαλμασδι
406 1091 567 1176 κεντυρίων
585 1091 674 1175 φίλος
690 1085 824 1156 εἰδώλων
839 1085 918 1153 πάνυ
937 1088 1062 1166 κατέαξε
1075 1087 1110 1154 τὸ
1127 1087 1237 1174 εἶλημα

130 1199 186 1258 τοῦ
204 1190 304 1280 φόρου
323 1189 488 1278 ὡρολογίων
497 1241 506 1270 ,
532 1193 611 1268 θέας
631 1189 740 1278 χάριν,
766 1189 809 1270 ὥς
827 1191 939 1279 ἔλεγεν·
966 1188 1008 1269 ὥς
1025 1193 1059 1257 δέ
1075 1193 1106 1257 έν
1121 1199 1166 1282 τῷ
1183 1199 1237 1261 δο-
1253 1213 1276 1266 Ρ
1293 1212 1328 1270 92

131 1307 194 1362 κεῖν
216 1302 334 1379 μᾶλλον
358 1297 444 1361 ἕνεκα
467 1303 522 1361 τοῦ
543 1297 715 1379 κλέμματος
731 1299 782 1361 καὶ
798 1302 888 1362 τοῦτο
906 1293 1034 1380 ποιήσας
1041 1345 1051 1375 ,
1077 1295 1185 1382 έκλεψε
1201 1296 1236 1364 τὸ

130 1398 301 1476 Παλλάδος
324 1398 448 1464 εἴδωλον
474 1400 636 1486 ἀργυροῦν.
688 1401 739 1463 καὶ
755 1398 795 1465 τά
811 1400 961 1480 βαλαντία
973 1398 1237 1487 Ἀσκληπιοδώρου

86 1523 126 1576 10
135 1501 305 1588 εὑρέθησαν
327 1509 388 1568 τῶν
410 1509 502 1589 τριῶν
519 1508 645 1589 λιτρῶν,
672 1505 723 1567 καὶ
740 1498 760 1584 ἢ
778 1505 905 1588 κορωνὶς
923 1498 1125 1588 Κλεοπάτρας
1141 1529 1238 1569 κατοι-

133 1611 340 1672 σκευασθεῒσα
373 1605 585 1693 σμαραγδινδις
618 1603 698 1671 πάνυ
733 1603 937 1691 ἀλάβαστρος.
987 1611 1078 1670 τοῦτο
1104 1605 1194 1690 γνοδς
1221 1604 1238 1673 ὃ

131 1709 277 1792 βασιλεδς
301 1711 533 1788 Κωνσταντΐνος
557 1709 610 1775 τδν
637 1709 730 1776 αδτδν
755 1710 937 1794 κεντυρίωνα
961 1709 1117 1792 Βαλμασδ
1142 1710 1240 1776 ἐπετί-

132 1840 229 1898 μησεν
246 1813 330 1892 άξιον
346 1811 496 1879 θανάτου.
547 1819 604 1880 τοῦ
621 1815 654 1878 δὲ
672 1813 939 1896 άναισχυντοῦντος
955 1815 1006 1876 καί
1021 1812 1116 1889 θεοὺς
1132 1815 1238 1878 ἐπικα-

132 1919 297 2001 λουμένου,
322 1915 488 2002 ἀπετμήθη
506 1920 549 1993 είς
563 1913 597 1981 ‘ab
612 1922 674 1981 τῶν
690 1918 822 1984 σκολίων
837 1922 893 1982 τοῦ
910 1916 1004 1980 αὐτοῦ
1022 1912 1138 2004 φόρου,
1162 1914 1240 1982 ένθα

88 2019 307 2106 15τδιάριστα
331 2019 371 2085 τά
396 2027 503 2106 πρῶτα
525 2017 670 2106 ὑπῆρχεν.
721 2018 756 2084 τὸ
784 2021 816 2084 δὲ
842 2021 873 2084 έν
895 2026 934 2106 τῇ
961 2019 1087 2110 δευτέρρι
1113 2019 1277 2112 καμάρριΒ

132 2124 255 2208 γεγονὸς
285 2121 426 2206 ἄθεσμον
458 2123 494 2188 οὗ
526 2121 729 2207 σιωπήσομεν.
779 2121 815 2187 τό
843 2128 899 2187 τοῦ
924 2127 1037 2205 μοιχοῦ
1061 2125 1239 2200 Μαξεντίου

132 2226 257 2292 εἴδωλον
273 2227 367 2292 ἐκεῖσε
383 2235 593 2314 προσεκυνεΐτο
611 2222 845 2312 λατρευάμενον,
862 2227 914 2289 καὶ
930 2233 994 2302 τοῖς
1010 2231 1133 2302 πολλοῖς
1150 2228 1239 2293 είδω-

130 2327 296 2416 λολάτραις
321 2327 523 2415 άγνοοάμενον
547 2329 624 2405 θεὸς
647 2326 811 2406 ἶππάσυνος
835 2323 1020 2416 ἐλατρεάετο.
1073 2329 1120 2395 διδ
1146 2332 1239 2395 Κων-

131 2443 288 2511 σταντῖνος
310 2433 385 2500 αὐτὸ
409 2435 465 2517 μέν
488 2433 652 2515 κατέβαλε,
677 2431 750 2509 τοὺς
772 2433 806 2497 δὲ
827 2439 917 2498 τοῦτο
935 2428 1147 2516 τολμήσαντας
1164 2435 1239 2499 άπε-

86 2535 302 2626 λοκεφάλισεν.
353 2536 433 2602 ἔνθα
458 2539 508 2602 καί
529 2534 645 2626 ’Άρειος
667 2535 746 2620 μετά
767 2541 865 2602 ταῦτα
890 2535 943 2602 τὸν
964 2536 1078 2623 μιαρὸν
1100 2533 1239 2602 θάνατον

130 2639 244 2725 ὑπέστη
251 2689 262 2719 ,
285 2642 408 2728 χείρονα
420 2636 573 2723 Ἑλλήνων
588 2645 813 2728 βλασφημῆσαι
830 2637 1046 2724 άποτολμὴσας
1062 2637 1078 2707 ὃ
1097 2643 1237 2722 δείλαιος,

131 2885 195 2942 inda
217 2887 345 2938 coronata
368 2883 473 2953 exibat,
498 2889 580 2956 atque
604 2887 633 2942 iu
656 2887 759 2942 Senatu
782 2901 813 2940 us
832 2902 866 2938 ue
888 2885 922 2939 ad
943 2885 1011 2940 diam
1034 2885 1109 2940 urbis
1125 2886 1238 2942 natalem

130 2957 318 3026 reponebatur.
353 2970 370 3006 a
393 2953 493 3007 Iuliano
518 2962 621 3026 autem,
653 2958 722 3028 quod
747 2957 805 3010 iasc
832 2959 903 3026 ptam
926 2972 1030 3008 crucam
1051 2954 1179 3025 haberet,
1209 2957 1239 3010 in

128 3025 310 3167 :gammam
330 3022 451 3094 proiecta
468 3029 496 3077 ct
511 3031 586 3080 terra
602 3029 699 3082 obruta
717 3034 773 3096 est,
798 3026 826 3080 iu
842 3025 1046 3096 quamplurima
1064 3042 1170 3098 quoquo
1186 3026 1238 3082 alia

479 3197 721 3268 Spectaculum
750 3197 890 3253 tertium

377 3286 425 3348 da
445 3288 501 3348 iis
524 3307 627 3370 quac
647 3289 800 3370 insero
822 3294 997 3354 οτείαπί.

233 3403 355 3457 Baimasa
384 3405 520 3473 centurio,
551 3403 681 3458 idolorum
710 3405 933 3472 studiosissimus,
965 3403 1094 3476 horologii
1123 3404 1151 3458 in
1179 3403 1238 3460 foro

130 3474 226 3526 stantis
242 3471 406 3528 involucrum
423 3493 436 3527 τ
455 3473 560 3529 amandi
575 3491 672 3542 causa,
690 3482 722 3527 ut
737 3475 838 3543 aiebat,
857 3474 1003 3544 confregit3
1021 3481 1053 3528 ut
1070 3481 1155 3528 autem
1173 3491 1237 3528 vero

130 3543 237 3596 similius
255 3547 329 3612 erat,
347 3546 451 3598 furandi
469 3561 548 3599 causa
564 3544 593 3596 id
610 3545 677 3614 cgit=
696 3545 835 3598 Minervae
852 3546 951 3666 quiflpe
968 3545 1070 3614 signum
1085 3549 1240 3613 argenteum

129 3614 233 3665 furatus
250 3617 308 3679 cst,
335 3613 517 3685 Asclepiodori
533 3631 639 3684 qnoque
656 3614 788 3684 marsupia
805 3613 883 3667 trium
910 3615 1027 3668 'brorum
1043 3624 1150 3684 reperta
1168 3618 1240 3682 snut,

130 3681 195 3766 item
222 3698 320 3734 corona
346 3683 506 3768 Cleopatras
531 3701 566 3740 ex
590 3684 736 3768 smaragdis
761 3685 850 3736 colore
873 3683 1043 3768 alabastrino.
1077 3701 1108 3736 ra
1133 3684 1239 3766 cognitu

131 3750 485 3890 iiiii‘tttttt‘iit:
501 3753 954 3894 tiitsstti,¹23;}t‘¹ttitit
972 3759 1240 3890 eiiffiihmsiij

132 3887 209 3942 dibus
231 3890 315 3960 ipsius
338 3893 405 3961 fori,
432 3894 478 3947 ubi
503 3892 565 3945 olim
586 3892 678 3962 epulae
703 3909 734 3944 ac
756 3891 867 3963 prandia
883 3892 992 3946 fiebant.
1027 3891 1111 3946 scelus
1128 3907 1193 3944 vero
1209 3889 1238 3942 in

134 3958 216 4010 altero
232 3959 334 4014 fornice
352 3967 534 4033 perpetratum
550 3979 602 4016 uon
618 3961 772 4016 tacebimus.
807 3961 938 4014 Maxentii
955 3963 1056 4014 moechi
1073 3961 1238 4014 simulacrum

133 4025 233 4079 divinis
249 4028 391 4084 bonoribus
409 4031 463 4085 illic
481 4033 630 4096 colebatnr3
650 4037 678 4084 ot
695 4031 765 4101 quod
782 4030 856 4084 multi
868 4030 1060 4085 idololatrarum
1071 4029 1237 4099 ignorabant,

133 4095 200 4148 deun
225 4112 304 4166 eques
329 4101 498 4156 adorabatur.
534 4109 698 4172 quapropter
723 4100 914 4154 Constantinus
939 4102 1103 4154 simulacrum
1127 4097 1238 4166 evertit,

134 4183 167 4218 ac
193 4181 239 4218 eos
265 4167 311 4235 qui
334 4169 362 4222 id
385 4178 485 4226 temere
508 4172 567 4225 ausi
592 4176 682 4226 assant
705 4171 791 4241 capita
815 4171 946 4225 multavit.
988 4167 1033 4221 ubi
1057 4167 1135 4220 atium
1156 4167 1238 4220 Arios

133 4241 230 4306 postca
247 4235 325 4291 foedo
342 4246 426 4298 morte
443 4240 540 4311 pariit3
563 4242 608 4313 qui
626 4258 684 4296 cum
700 4241 851 4314 blasphema
868 4241 941 4295 dicta
957 4235 1129 4292 Graecanicis
1145 4237 1238 4308 peiora
