2814 4608
158 169 233 242 256
469 167 646 236 lllEURSlI
671 171 728 234 ΕΤ
755 169 958 236 LAMBEGII

153 358 242 416 ficare
262 363 395 412 stateram
416 352 599 433 ιιίβινιιινιιι,Ι
633 350 802 412 cuiusmodi
823 353 881 410 fuit
901 350 978 409 illud
998 346 1182 430 τρίλιθον“
1159 377 1181 431 η
1201 375 1265 433 τρι-

153 441 286 522 κέφαλον
309 433 417 512 ζιόόιον
438 437 671 518 πορφυροειδὲς,
701 441 786 497 cuins
808 440 948 496 meminit
970 455 1139 536 anonymus
1160 449 1265 497 auctor

153 531 186 586 in
215 525 413 586 collectaneis
440 526 541 604 Antiq.
565 525 624 586 GP.
669 518 763 596 ζιόόια
784 525 866 580 enim
888 521 1021 584 Codinus
1041 524 1157 603 passim
1176 535 1265 582 rocat

154 623 267 674 statuas
288 621 317 670 et
337 628 531 690 quascunque
551 610 625 668 alias
647 609 767 688 figuras.
810 611 914 668 Laus.

237 719 267 778 p.
289 697 328 760 61
350 715 379 755 r.
403 695 453 758 18.
496 692 548 755 eal
568 691 680 802 τύμβοι
700 693 751 773 δὲ]
783 693 849 754 cod.
880 697 945 759 Vat.
974 693 1054 756 ἔνθα
1078 692 1132 756 ual
1154 688 1266 774 τύμβοι

151 779 302 862 Ἑλλήνων
330 778 380 842 nal
397 774 571 884 ’Λρειιινιιῖν
598 773 769 860 νπάρχουσι
795 779 991 860 ιιιχιοσμένοι,
1029 779 1081 842 aaa
1114 775 1191 840 illl-u
1223 781 1266 854 εἰς

152 873 274 949 πλῆθος
303 860 492 945 σκηνώματα
536 868 569 923 in
600 867 666 924 aliis
694 867 808 948 aliquot
836 863 923 924 codd.
946 886 1000 946 pro
1020 859 1133 946 τύμβοι
1153 885 1267 945 perpe-

155 975 220 1014 ram
242 955 352 1030 legitur
371 953 527 1031 τρίμβολοι
545 960 575 1008 et
592 945 746 1032 νύμβολοι.
790 953 947 1030 posteriori
962 961 1063 1012 autem
1077 949 1138 1010 hoc
1152 951 1264 1012 mendo

154 1041 295 1119 deceptus
316 1039 464 1096 Menenius
485 1055 598 1094 novum
616 1037 706 1094 finxit
723 1039 905 1096 vocabulum
922 1033 1086 1116 τνμβολος,
1109 1037 1193 1118 quod
1208 1058 1264 1096 uec

153 1125 234 1206 apud
261 1127 390 1184 Graecos
417 1142 474 1180 nec
502 1121 582 1202 apud
609 1124 895 1184 Graeco-barbaros
924 1127 1083 1202 scriptores
1105 1125 1264 1203 reperitur.

152 1215 257 1272 Lanu.

236 1317 269 1376 Ρ.
291 1297 332 1358 62
353 1315 383 1353 r.
405 1295 435 1358 7.
480 1285 537 1356 ονίι
558 1286 689 1374 ἐβλάβη]
723 1293 805 1374 quod
832 1293 964 1353 Codinus
992 1295 1100 1367 refert,
1133 1303 1263 1352 statuam

153 1383 333 1442 muliebrem
362 1381 532 1459 bicipitem,
564 1382 654 1438 sitam
682 1381 715 1438 in
736 1391 822 1458 porta
844 1379 1071 1460 septentrionali
1094 1382 1185 1438 castri
1202 1382 1263 1437 Pa-

153 1467 269 1543 normi,
305 1467 419 1525 cunctis
449 1467 561 1524 circum
588 1467 782 1542 flagrantibus
804 1467 941 1524 illaesam
962 1467 1128 1540 mansisse,
1162 1485 1265 1523 rarum

155 1553 279 1635 quidem
309 1563 368 1627 est,
402 1549 456 1609 sed
484 1571 546 1610 non
575 1571 699 1614 norum.
744 1552 803 1610 duo
827 1554 891 1610 eius
913 1553 957 1608 rei
979 1553 1123 1630 exempla
1144 1562 1265 1610 exstant

155 1637 236 1719 apud
264 1640 337 1700 Tac.
363 1637 472 1695 Annal.
493 1635 531 1698 4:
564 1637 733 1706 adduntur,
765 1639 876 1717 iuquit,
908 1639 1083 1708 amtentiae,
1117 1648 1151 1696 ut
1178 1657 1264 1694 mons

159 1725 278 1784 Caelius
313 1726 505 1800 imposterum
538 1723 701 1798 Augustus
732 1723 954 1800 appellaretur,
992 1722 1114 1802 quando
1146 1725 1263 1781 canem

153 1814 270 1869 circum
288 1807 502 1887 flagrantibus
528 1807 593 1866 sola
627 1807 737 1866 Tiberii
765 1809 889 1888 effigies,
919 1810 980 1866 sita
1008 1811 1042 1866 in
1068 1809 1148 1867 domo
1173 1809 1264 1864 Iunii

153 1897 311 1966 senatoris,
332 1895 479 1952 inviolata
500 1893 665 1952 mansure&
709 1903 739 1951 et
759 1897 861 1952 statim
881 1895 1054 1972 subiungit:
1083 1894 1203 1953 caenare
1223 1892 1263 1950 td

153 1982 227 2040 olim
258 1979 405 2040 Claudiae
435 1979 577 2056 Quintae,
610 1981 730 2058 eiusque
756 1991 888 2040 statuam
909 1983 971 2038 vim
991 1981 1109 2059 ignium
1131 1979 1173 2036 bis
1196 1978 1261 2036 ela-

150 2089 241 2147 psam
260 2070 387 2126 maiores
404 2066 490 2142 apud
505 2065 608 2122 aedem
625 2068 731 2124 matris
749 2066 837 2124 deum
854 2069 1078 2130 consecravisse.
1117 2068 1220 2127 Ῑιιιιιι.

238 2171 267 2229 Ρ.
291 2155 331 2214 63
353 2171 382 2212 r.
403 2153 432 2212 2
475 2147 633 2229 Ἡρόδοτος
654 2149 705 2213 nal
725 2149 911 2230 Ἱππόλυτος]
941 2150 978 2210 de
1000 2149 1151 2211 Herodoto
1173 2149 1265 2210 chro-

154 2234 326 2314 nographo,
349 2237 416 2313 qais
438 2237 491 2308 sit,
512 2255 574 2293 non
596 2235 673 2294 mihi
694 2247 819 2298 constat.
863 2239 1021 2318 Hippolyti
1041 2258 1128 2310 vero,
1152 2257 1265 2316 nempe

154 2319 311 2393 Thebani,
333 2321 472 2377 meminit
491 2317 617 2398 Niceph.
640 2322 754 2382 callist.
774 2322 840 2383 hist
858 2325 976 2384 Eccles.
994 2326 1015 2388 l.
1032 2327 1062 2386 2.
1104 2324 1266 2402 fragmen-

154 2416 221 2466 tum
242 2426 283 2464 ex
305 2407 369 2463 eius
392 2423 481 2483 opere
503 2403 643 2464 chronico
666 2405 841 2486 decerptum
863 2420 962 2469 exstat
980 2419 1002 2467 t
1015 2411 1155 2487 3Antiq.
1174 2412 1265 2466 Lect.

155 2491 275 2552 canisii
319 2489 373 2550 sed
393 2511 447 2568 pro
467 2485 625 2572 Ἡρόδοτος
646 2491 810 2568 legendnm
828 2506 874 2552 est
889 2494 940 2578 Ἧρ
943 2496 1053 2558 atton:
1071 2514 1144 2552 nam
1158 2495 1265 2552 Hero-

153 2575 278 2635 diouem
308 2586 503 2636 coaetaneum
532 2587 685 2636 auctorem
716 2579 788 2637 citat
818 2597 983 2661 anonymus
1008 2581 1041 2636 in
1067 2579 1191 2638 eolica.
1218 2578 1262 2638 de

153 2663 257 2743 Antiq.
280 2662 520 2766 Constantinop..
530 2681 560 2720 n.
581 2663 654 2725 202.
698 2665 800 2724 Lana.

239 2769 270 2828 Ρ.
293 2749 334 2811 63
356 2767 385 2810 v.
407 2751 439 2810 7.
480 2751 537 2828 τῆς
555 2752 611 2810 τοῦ
633 2749 787 2830 Καίσαρος
809 2743 923 2826 ν’ξιωθέ
924 2772 991 2823 νιος
1012 2747 1117 2827 τιμῆς]
1146 2757 1265 2806 testan-

154 2843 204 2896 tur
225 2835 344 2893 nnmmi
366 2836 499 2915 antiqui,
533 2835 566 2891 in
588 2835 697 2915 quibus
718 2838 829 2914 legitur
848 2840 915 2896 Iun.
937 2836 1071 2894 cursans
1093 2851 1167 2892 uon.
1189 2835 1265 2892 Gan.

153 2923 230 2980 item
248 2919 410 2980 Romuald.
431 2923 464 2978 in
485 2918 598 2980 Chron.
623 2923 700 2978 inter
719 2922 807 2992 lraec,
826 2923 942 3002 inquit,
964 2921 1060 2979 latent
1079 2939 1191 2977 causac
1211 2941 1266 2977 cur

153 3007 285 3064 iudicem
308 3005 451 3083 gladium
473 3016 501 3062 et
521 3006 701 3064 destinatam
721 3009 755 3066 in
775 3010 882 3086 impios
895 3009 1089 3089 functionem
1115 3007 1265 3064 Constan-

154 3093 236 3148 tinus
263 3093 424 3167 imperator
444 3094 632 3168 inpropriae
653 3095 713 3172 egit
732 3093 861 3174 effectua
905 3116 977 3154 uam
1003 3095 1143 3169 Crispum
1156 3091 1264 3163 filium

154 3196 243 3234 suum
262 3177 422 3256 interficit,
450 3188 477 3234 et
495 3178 649 3236 Licinium
662 3177 770 3252 filium
790 3182 911 3252 sororia,
932 3189 1097 3259 postquam
1121 3178 1263 3236 Caesares

153 3271 226 3319 aunt
245 3266 348 3334 creati,
370 3264 468 3322 cecidi
484 3266 579 3329 iussit.
619 3267 722 3423 m?

239 3367 269 3426 Ρ.
292 3345 333 3411 64
354 3351 425 3412 v.3
427 3395 434 3412 .
405 3349 560 3412 aot‘
537 3351 655 3428 quicqu
686 3353 733 3423 ξεν
735 3349 870 3426 ateana]
906 3348 994 3408 credo
1025 3348 1119 3407 fuisse
1149 3356 1262 3406 statuas

155 3432 327 3509 aurigarum
362 3435 565 3510 Circensium,
604 3437 656 3516 qui
691 3455 779 3493 curru
811 3439 932 3496 excussi
962 3435 1132 3514 perierant.
1172 3433 1262 3537 paulo

154 3528 260 3598 postea
285 3519 368 3575 enim
395 3521 549 3598 subiungit
570 3520 605 3582 al
624 3517 656 3582 δὲ
677 3525 823 3602 καροῦχαι
843 3525 905 3584 τῶν
927 3513 1196 3600 ἀναιρεθέντων
1174 3513 1265 3596 qrati-

153 3625 224 3684 χων.
267 3615 418 3663 caeterum
437 3603 647 3686 ηνιόχονςζεν
650 3607 768 3680 atnam
792 3607 856 3681 rel,
884 3615 919 3664 ut
937 3607 1076 3686 legitur
1067 3625 1100 3662 m
1120 3605 1265 3684 anonymi

154 3687 354 3764 Collect.,‘
330 3687 478 3772 ηνιόχονς
507 3691 539 3753 ἐν
569 3693 740 3768 §saginacia
766 3693 946 3772 interpretor
966 3694 1093 3770 aurigas
1113 3694 1265 3770 agitantes

153 3777 273 3856 ζεῦγος,
305 3773 339 3834 id
371 3786 417 3835 est
445 3775 531 3856 begar
557 3799 610 3837 seu
636 3799 724 3888 cqups
746 3777 870 3858 biiuges.
913 3773 1068 3855 ζεύξιπποι
1089 3788 1192 3834 autem
1213 3773 1264 3832 hio

155 3859 295 3920 dicuntur
332 3880 408 3942 qnos
443 3863 550 3921 Graeci
585 3863 705 3922 alias
690 3887 802 3937 ιπιιονς
832 3865 952 3944 ζυγίους
981 3883 1035 3923 sea
1061 3859 1265 3944 ἕζευγμὲνονς,

153 3945 255 4002 Latini
275 3965 344 4006 vero
366 3967 455 4024 equor
474 3947 591 4025 iugales
611 3959 795 4028 nuncupant.
837 3947 1013 4010 huiusmodi
1035 3947 1154 4008 duobus
1176 3947 1264 4027 equis

152 4029 304 4105 iugalibus
332 4052 386 4090 seu
413 4033 495 4131 iugo⁸
506 4035 614 4092 innotis
635 4035 788 4092 constabat
809 4031 892 4112 biga.
936 4054 1042 4094 rerum
1064 4027 1264 4113 quadriga4

153 4113 277 4186 quidem
297 4119 406 4176 iunctis
427 4117 512 4194 equis
533 4119 702 4194 constabat,
724 4117 778 4178 sed
798 4137 861 4176 non
882 4121 1049 4196 iugalibus·
1073 4139 1148 4176 nam
1166 4116 1264 4176 medii

152 4200 271 4258 tantum
292 4199 351 4260 duo
374 4195 527 4276 ζεύξιπιιιιι
549 4212 633 4260 crant
653 4223 707 4264 seu
728 4204 860 4284 iugales,
893 4207 1001 4287 reliqui
1024 4205 1082 4264 duo
1105 4200 1263 4285 aripennos
