2802 4636
176 273 226 346 58
513 277 731 348 GEORGIUS
759 279 948 348 commus

133 471 158 528 D
177 469 209 532 δι’
232 492 264 532 τε
289 467 348 554 γὰρ
372 475 468 548 τοῖχοι
488 465 614 554 χρύσεοι
638 470 689 534 καλ
706 468 746 534 τὰ
763 466 954 555 ἀναθήματα
972 472 1070 536 πολλὰ
1089 473 1174 537 εἰσίν.
1227 472 1289 540 ἔστι

175 573 209 636 δὲ
239 569 273 637 τό
305 569 429 656 ἄγαλμα
459 571 491 636 ἓν
520 574 629 664 Πέτρρ
658 580 715 657 τῆς
740 572 900 660 Ἀραβίας
906 622 916 652 ,
949 577 1000 640 καὶ
1025 576 1121 641 αὐτοῦ
1146 577 1290 658 σέβονται

177 672 279 742 αὐτόν.

273 777 327 842 Ἐκ
350 783 406 843 τού
425 778 550 844 Ἰκονίου
574 779 721 865 Περσίας
742 783 794 845 καλ
818 781 1035 866 Ἀνδρομέδης
1054 785 1164 863 στῆλαι
1181 779 1287 867 ἤχθη-

176 903 249 950 σαν·
276 884 328 947 καλ
351 881 410 967 γὰρ
435 884 466 947 ἐν
490 888 527 968 τῇ
550 881 676 970 τοιαύτῃ
699 879 787 949 πόλεί
803 885 967 968 ἱστορεῖται
983 885 1018 952 τὸ
1035 885 1121 970 παρὰ
1137 887 1309 972 Περσίως5

175 987 252 1072 πρὸς
270 986 323 1052 τὸν
341 982 493 1072 δράκοντα
509 987 631 1071 γεγονός
646 992 767 1070 θαῦμα.
818 985 941 1076 δράκων
957 978 995 1072 ἦν
1012 986 1199 1075 ἔμφαλεύων
1217 991 1287 1070 ἐκεῖ,

174 1095 225 1156 καὶ
250 1091 329 1156 κατὰ
352 1091 460 1177 καιρὸν
482 1093 648 1174 συνηθείας
670 1093 790 1156 ἐδίδουν
806 1089 900 1179 κόρην
917 1098 1072 1180 περιφανῆ
1088 1095 1139 1156 καί
1158 1089 1286 1179 ὡραίαν.

173 1193 242 1262 τότε
266 1195 419 1280 παρέσχον
442 1194 498 1276 τὴν
521 1193 739 1280 Ἀνδρομέδην
745 1244 755 1274 ,
782 1196 938 1282 παρθένον
962 1192 1079 1282 ὡραίαν
1103 1199 1154 1260 καὶ
1177 1196 1286 1281 καλήν.

175 1297 368 1384 διερχόμενος
390 1289 444 1364 ούν
467 1293 483 1362 ό
500 1297 656 1384 Περσεύς,
683 1302 734 1364 καί
750 1305 806 1382 τῆς
822 1305 958 1387 κραυγῆς
975 1298 1114 1382 ἀκηκοὼς
1130 1306 1186 1382 τῆς
1202 1327 1285 1388 παρ-

173 1405 286 1484 θίνου,
311 1400 497 1468 ἐπυνθάνετο
515 1403 547 1466 τί
561 1400 599 1466 dv
617 1399 775 1490 ὀδύρηται.
801 1406 852 1468 καί
870 1402 948 1486 αύτὴ
965 1401 1132 1488 ἐξηγήσατο
1151 1400 1223 1470 “ὅτι
1240 1412 1283 1494 τῷ
1292 1417 1324 1472 10

85 1513 157 1570 1³32
175 1509 277 1597 θηρίῳ
305 1508 491 1595 προτίθεμαι
516 1509 558 1582 εἷς
580 1503 713 1593 βορόν.”
767 1509 817 1572 καί
841 1505 876 1584 ὃς
900 1505 966 1590 ἅμα
988 1513 1032 1597 τῷ
1055 1507 1184 1572 ἀκοῦσαι
1201 1510 1233 1570 Γ
1230 1534 1285 1596 ορ-

172 1609 265 1699 γόνην
289 1610 420 1694 ἐκτεμὼν
444 1611 495 1674 καὶ
519 1608 574 1694 τὴν
598 1610 735 1698 κεφαλὴν
759 1611 855 1694 αὐτῆς
877 1607 1015 1696 ἀγαγών,
1040 1615 1080 1697 τῇ
1095 1608 1172 1698 κόρη
1190 1637 1222 1678 τε
1238 1613 1301 1704 μὴΚ

171 1714 368 1802 πρόσβλεψαι
393 1719 432 1800 τῇ
455 1711 594 1800 Γοργόνῃ
618 1716 837 1802 παραγγείλας,
864 1717 915 1779 καὶ
939 1713 1033 1790 αύτός
1049 1718 1195 1802 στραφεὶς
1214 1716 1284 1780 dnt-

171 1825 342 1907 σθοφανιῦς
374 1820 522 1884 δείκνυσιν
553 1817 648 1902 αὐτὴν
673 1825 717 1907 τῷ
744 1816 906 1906 δράκοντι,
932 1821 983 1883 καὶ
1008 1813 1074 1900 ἅμα
1097 1825 1142 1906 τῷ
1164 1821 1283 1902 βλέψαι

170 1919 380 2010 ἀπενεκριόθη.
432 1925 482 1986 καὶ
509 1921 561 1986 διιλ
587 1928 677 1988 τοῦτο
703 1921 787 2005 ἴσχεν
811 1921 868 2006 τὴν
894 1919 1039 2005 τοιαύτην
1065 1923 1237 2006 ἐπωνυμίαν
1263 1921 1321 1989 ό15

169 2026 278 2104 τόπος,
319 2025 405 2114 παρὰ
433 2022 615 2112 Φιλοδιύρου
640 2031 800 2111 λογιστού,
839 2025 950 2092 διὰτὸ
977 2028 1074 2101 δείξαι
1097 2025 1153 2106 τὴν
1179 2024 1280 2092 εἰκόνα

168 2137 223 2213 τῆς
250 2133 281 2194 Γ
278 2128 405 2216 οργόνης
430 2134 474 2215 τῷ
501 2126 643 2214 δράκοντι
664 2129 718 2196 τδν
739 2130 874 2218 Περσέα.
927 2126 984 2212 εἶχε
1009 2129 1043 2194 δὲ
1065 2125 1086 2212 ἦ
1109 2127 1196 2206 πόλις
1218 2130 1279 2217 πρὸ

168 2231 278 2298 τούτου
306 2233 402 2313 ὄνομα
423 2232 572 2296 Λαναεία.
624 2230 687 2296 εἶτα
709 2231 876 2320 ἐπληρώθη
893 2235 1087 2323 θρηνῳδίας,
1113 2235 1164 2298 καλ
1181 2231 1280 2312 οὕτως

170 2333 287 2419 ἐκλήθη
317 2335 453 2420 Θρῆνος,
480 2335 566 2421 παρὰ
592 2333 774 2421 metuuntque
799 2339 832 2400 δὲ
850 2334 983 2402 Ἰκόνιον.
1034 2335 1111 2401 ἔνθα
1126 2337 1176 2400 καί
1194 2360 1278 2420 συμ-

129 2449 152 2500 Β
168 2436 335 2524 βιώσαντες
350 2436 490 2523 Περσεύς
506 2439 556 2502 καλ
572 2433 593 2522 ἡ
611 2438 809 2524 Ἀνδρομίδη
824 2436 1056 2525 ἐτελειώθησαν.
1105 2437 1204 2504 ἐπάνω
1221 2431 1321 2506 edalo

168 2550 224 2627 τῆς
246 2539 343 2626 πύλης
365 2548 420 2624 τῆς
441 2539 556 2618 πόλεως
573 2539 793 2626 ίστηλιόθησαν
810 2541 990 2633 ἀμφότεροι.
1041 2545 1150 2621 α’ίτινες
1167 2551 1279 2630 στῆλαι

238 2705 257 2758 4
273 2723 300 2775 p.
318 2705 354 2758 24
369 2705 453 2758 Band.
546 2767 547 2770 ρ
565 2698 742 2785 οἷνδρομέδης
757 2699 902 2773 θυγατρός
920 2705 1080 2774 βασιλίοκου
1095 2701 1276 2774 ὑπαρχούσης
1386 2684 1389 2695 ’

238 2791 278 2830 ot.
297 2775 359 2827 Vat.
498 2771 516 2827 9
542 2768 557 2827 ὁ
585 2791 636 2826 ουν
656 2775 856 2844 προειρημένος
877 2772 999 2840 Περσεύς
1014 2769 1101 2830 ἐκεῖσε
1120 2773 1205 2828 eludo
1221 2775 1273 2828 πύ-

240 2846 323 2928 ossan
340 2839 489 2927 κλαιούσης
504 2843 555 2965 τίης
568 2839 747 2930 Ἀνδρομέδης
763 2844 792 2897 τί
806 2836 843 2898 δν
858 2838 990 2928 ὠδύρετο.
1026 2839 1044 2912 ἡ
1065 2840 1098 2928 db
1115 2838 1148 2898 τό
1164 2841 1273 2928 noadaia

240 2912 402 3000 ἐξηγηοατο.
438 2931 489 3000 tou
513 2913 531 2966 d
569 2917 739 2998 καθγσαυτος
759 2911 808 2966 καλ
831 2916 973 2982 Γοργονης
993 2918 1119 2995 γεφαλην
1142 2907 1172 3000 ἐρ
1195 2933 1274 3000 αηρηι

240 3000 422 3054 αατεγοντος,
448 2985 650 3050 οαιοθοφανοις
671 2981 804 3048 στραφείς
825 2981 947 3035 δείκνυσι
965 3001 1003 3051 τῳ
1021 2983 1115 3050 θηρίον
1134 3000 1166 3034 το
1186 2983 1272 3052 δηλη-

239 3071 327 3120 τριον.
362 3047 433 3104 ὅθεν
451 3048 515 3105 ίδόν
532 3045 621 3104 ἐκεῖνο
640 3047 792 3120 ύαέψυξεν.
815 3053 877 3104 Vet.
983 3051 1017 3107 17
1033 3041 1071 3120 ἦν
1088 3035 1121 3104 δὲ
1139 3053 1174 3123 τῇ
1190 3049 1273 3106 πόλει

239 3118 328 3190 ὄνομα
346 3115 403 3174 ninii
421 3121 518 3190 γενεᾶς
533 3120 620 3173 δανίοι
636 3122 698 3176 vat.
734 3117 834 3176 δάνεια
850 3121 927 3176 aliut.

169 3265 244 3325 sunt,
272 3267 300 3312 et
322 3259 432 3328 plurima
456 3257 508 3309 illic
527 3257 674 3312 offeruntur
691 3259 807 3313 donaria.
842 3259 922 3313 babet
940 3259 996 3312 eiua
1013 3259 1178 3312 simulacrum
1195 3258 1275 3312 colit·

170 3347 221 3400 que
238 3331 320 3382 Petra
336 3329 451 3380 Arabiae
470 3327 575 3380 civitas.

271 3399 361 3450 Iconio
387 3405 492 3449 statuae
516 3395 608 3449 Persei
631 3401 660 3450 et
683 3397 864 3452 Andromedae
888 3397 1017 3450 deductae
1039 3402 1112 3450 sunt:
1141 3396 1181 3450 ibi
1204 3397 1272 3449 enim

169 3467 287 3520 mirabile
304 3467 365 3519 illud
383 3475 515 3520 certamen
531 3467 624 3519 Persei
641 3484 698 3520 oum
716 3468 829 3522 dracone
846 3468 973 3520 accidisse
991 3469 1118 3524 referunt.
1155 3467 1273 3520 stabula-

169 3537 248 3589 batur
272 3537 324 3589 illio
349 3537 442 3604 draco,
469 3536 512 3589 oui
534 3541 606 3588 stato
630 3543 747 3606 tempore
768 3538 844 3605 virgo
862 3537 975 3589 dabatur
992 3537 1087 3588 nobilis
1104 3541 1133 3588 et
1150 3537 1271 3608 pulchra.

168 3606 274 3658 obiecta
292 3607 317 3658 ei
333 3607 384 3659 fuit
398 3606 564 3659 Andromeda
582 3606 656 3676 virgo
672 3609 754 3660 forma
767 3606 886 3676 inprimis
898 3607 1053 3676 conspicua,
1072 3606 1147 3658 cuius
1159 3607 1272 3658 lamenta

168 3692 225 3727 oum
249 3677 362 3728 Perseus
385 3675 447 3728 illuc
469 3677 600 3729 transiens
620 3677 752 3743 audisset,
777 3677 918 3746 plangendi
935 3693 1039 3728 causam
1055 3675 1194 3745 quaerenti
1210 3675 1272 3744 ipsa

168 3761 269 3797 omnem
286 3763 340 3798 rem
357 3746 509 3812 enarravit,
533 3763 626 3816 nempe
644 3747 714 3816 quod
731 3763 791 3798 esea
807 3745 912 3798 immani
928 3745 1031 3798 bestiae
1049 3745 1170 3814 exposita
1188 3750 1271 3798 esset.

168 3815 219 3867 boc
243 3815 333 3867 audito
357 3817 470 3868 Perseus
494 3815 637 3870 abscissum
661 3816 791 3884 Gorgonis
815 3821 908 3886 ceput,
933 3816 1006 3884 quod
1029 3814 1155 3882 virginem
1173 3813 1272 3866 intueri

168 3891 246 3936 antea
270 3892 410 3952 vetuerat,
435 3886 558 3938 obtendit
579 3893 606 3938 et
628 3903 708 3938 versa
730 3893 874 3938 retrorsum
891 3885 959 3937 facie
976 3885 1085 3937 draoom
1101 3882 1270 3949 monstravit,

168 3954 215 4023 qui
236 3954 392 4022 simulatque
416 3954 479 4006 illud
502 3955 569 4007 vidit
585 3956 676 4024 periit.
711 3954 770 4006 bino
786 3954 860 4007 loeus
878 3954 939 4021 ille,
965 3961 995 4006 ut
1010 3953 1093 4006 tradit
1109 3952 1271 4006 Philodorum

169 4023 280 4092 legista,
306 4024 393 4076 dictus
411 4023 597 4091 astinenum,
615 4025 685 4093 quod
702 4025 815 4076 Perseus
831 4023 869 4076 ibi
885 4023 1048 4092 Gorgonium
1066 4029 1147 4092 caput
1162 4019 1271 4074 draconi

168 4095 321 4148 ostenderit.
355 4092 555 4161 nuncupabatur
571 4101 656 4146 autem
669 4094 744 4163 prius
754 4093 799 4145 illa
811 4093 874 4146 urbs
885 4093 1001 4159 Daneia,
1020 4092 1129 4160 deinde,
1147 4089 1270 4160 quonum

167 4160 274 4229 impleta
292 4167 350 4216 eret
367 4163 610 4228 lamentationibus,
629 4163 752 4216 Thronus
768 4162 950 4230 cognominata
966 4161 1032 4223 fuit3
1050 4168 1078 4212 et
1091 4161 1196 4214 tandem
1209 4160 1271 4212 Ioo-

169 4227 237 4282 nium
262 4235 295 4285 ob
320 4233 487 4302 praemissam
510 4231 644 4284 Philodori
665 4232 850 4285 narrationem.
884 4231 912 4282 in
936 4230 986 4282 bac
1009 4231 1075 4282 urbe
1099 4231 1214 4282 Perseus
1242 4234 1272 4282 et

167 4297 333 4357 Andromeda
365 4303 448 4358 vitem
477 4307 637 4372 exegerunt,
665 4303 734 4356 uude
759 4301 876 4370 ipsorum
901 4306 1006 4352 statuae
1031 4303 1124 4370 portae
1148 4298 1270 4354 civitatis
