2802 4636
475 269 534 334 DE
561 269 812 336 ORIGINIBUS
839 269 900 336 ΟΡ.
1192 272 1244 344 ’19

138 459 190 522 καλ
207 455 262 540 τήν
279 454 475 544 Μαγναάραν
491 459 542 522 καί
560 455 615 541 τήν
631 463 687 522 τοῦ
703 459 809 546 κυρίου
827 457 988 542 ἐκκλησίαν
1003 459 1054 523 ιιαέ
1071 457 1106 524 τὸ
1132 461 1247 546 γενικὸν

140 562 191 626 καί
217 559 251 626 τὸ
278 560 375 626 ἐδικὸν
399 563 450 625 καί
468 559 502 626 sd
521 557 720 640 Βεστιάριον,
765 560 1101 644 nutrimentorum,
1136 568 1187 630 καλ
1210 565 1245 632 τά

141 667 252 748 Σῆμα,
279 665 329 729 καὶ
355 663 390 730 τὸ
403 662 516 728 Ὤατον
538 661 573 730 τὸ
598 664 675 750 πρὸς
696 663 753 749 τὴν
778 664 847 730 νίαν
874 668 1005 747 κείμενον
1021 666 1071 730 καί
1087 665 1176 754 μέχρι
1192 675 1248 754 τῆς

139 765 368 851 ὀνομαζομένης
393 770 523 854 σιδηροῖς
548 765 661 854 πόρνης
669 815 679 846 ,
705 770 756 834 καὶ
779 769 814 834 τὸ
837 765 1007 855 κάτοπτρον
1024 767 1169 857 λοντράν,
1194 776 1246 838 καί

113 869 180 936 troi
198 868 332 936 παλάτια
350 871 388 936 τά
407 869 508 936 ἐπάνω
526 871 615 957 μέχρι
633 876 688 936 τοῦ
704 873 736 934 Γ
733 873 852 959 ερανίον
862 919 872 951 ,
890 875 940 936 καί
957 871 992 937 τὸ
1009 870 1246 960 Χρυσόκλαβον,

140 976 191 1038 καὶ
208 973 244 1040 τὸ
261 975 340 1060 μέγα
357 974 486 1061 λουτρὸν
503 981 558 1040 τοῦ
576 976 747 1058 οίκονομίον
764 974 799 1040 τὸ
816 971 981 1060 πλησιάζον
997 976 1039 1053 τίς
1054 975 1089 1042 τὸ
1106 979 1246 1058 τζνκανι-

137 1075 282 1164 στήριον,
308 1077 376 1161 έχον
400 1075 534 1164 ἐνθήκας
557 1074 633 1143 ἔπτὰ
658 1081 708 1143 καὶ
735 1075 853 1144 δώδεκα
875 1076 988 1159 στοάς,
1015 1081 1066 1144 καί
1091 1078 1246 1166 κάλυμβον

138 1181 289 1267 εὐμεγέθη
314 1179 451 1260 ένζωδον.
502 1184 552 1246 καλ
578 1181 610 1246 αἱ
634 1182 690 1264 μέν
714 1179 789 1248 insci
814 1184 943 1267 ἐνθήκαι
967 1184 1009 1260 είς
1031 1183 1160 1268 μίμησιν
1184 1193 1246 1251 τῶν

138 1281 216 1350 ἑπτά
239 1289 416 1368 πλανητῶν,
461 1284 493 1348 αἶ
520 1285 554 1350 δέ
581 1281 700 1352 δώδεκα
724 1288 811 1352 στοαὶ
834 1291 894 1352 τῶν
918 1282 1037 1353 δώδεκα
1061 1293 1165 1372 μηνῶν
1189 1289 1246 1367 τὰς

93 1403 129 1458 10
140 1385 263 1474 κράσεις
293 1387 405 1467 λ’σαζον.
458 1385 583 1468 ἐσώζετο
619 1389 653 1454 δὲ
682 1389 771 1476 μέχρι
805 1394 860 1474 τῆς
882 1390 1041 1473 βασιλείας
1062 1387 1245 1480 Νικηφόρον

136 1497 195 1556 τοῦ
222 1495 328 1556 Ocurri.
387 1487 403 1556 ὃ
429 1492 462 1556 δέ
482 1489 623 1576 Ἰωάννης
646 1489 663 1557 ὃ
692 1497 869 1577 Τζομισχής
890 1493 1051 1560 κατέλυσεν
1075 1492 1167 1574 αὐτό,
1193 1498 1286 1566 καὶΙ)

137 1596 171 1659 ἐκ
197 1601 251 1678 τῆς
275 1593 352 1678 ὕλης
375 1592 470 1662 ἐκτισε
493 1595 549 1679 τὴν
572 1599 720 1679 Χαλκήν,
761 1597 839 1662 ἔνθα
864 1599 914 1662 καὶ
936 1593 1045 1686 ἐτάφη.
1095 1596 1247 1682 βουλόμε-

135 1722 189 1776 νος
213 1699 245 1763 δέ
269 1700 368 1764 κτίσαι
394 1701 444 1763 καὶ
470 1699 591 1765 ἱππικὸν
614 1699 694 1764 κατὰ
716 1699 772 1784 τήν
801 1702 929 1785 μίμησιν
955 1707 1010 1785 τῆς
1035 1696 1153 1786 Ῥώμης
1179 1694 1247 1791 εὗρε

135 1800 171 1865 τὸ
195 1807 251 1867 τοῦ
274 1799 433 1888 Σεβήρου,
473 1806 525 1866 καὶ
548 1801 759 1889 ἀνεπλήρωσεν
783 1800 876 1882 αὐτά,
917 1802 1011 1890 ήγουν
1033 1802 1069 1869 τὸ
1092 1801 1126 1868 ἐν
1155 1806 1248 1891 μέρος

93 1919 127 1972 15
137 1909 197 1970 τῶν
221 1907 390 1989 βαθμίδων
419 1907 480 1970 τῶν
514 1902 569 1970 δίο
598 1904 788 1990 περιπάτων,
831 1908 881 1969 καὶ
905 1903 969 1971 άνω
991 1909 1052 1970 τῶν
1075 1907 1247 1993 καηκέλλων

137 2010 188 2072 καὶ
206 2008 259 2073 τὸν
277 2003 430 2094 σῳενιλάνα
448 2008 498 2072 καὶ
516 2007 588 2084 τοιλς
605 2015 789 2095 καμπτῆρας
805 2011 854 2072 καὶ
872 2007 944 2086 τούς
967 2003 1094 2092 δήμους.
1143 2007 1245 2076 πάντα

137 2112 172 2174 di
212 2111 253 2174 τά
292 2106 553 2196 χαλκουρηήματα
594 2112 643 2174 καλ
685 2110 723 2174 τά
759 2107 853 2188 ξόανα
887 2113 919 2176 ἐκ
954 2107 1112 2198 διαφόρων
1144 2111 1246 2179 τόπων

137 2213 189 2276 καὶ
214 2209 330 2278 πόλεων
364 2211 516 2298 ἀθροίσας
549 2209 672 2296 έστησεν
706 2211 785 2277 αὐτοὶ
819 2215 862 2289 εἰς
892 2209 1008 2296 κόσμον
1030 2219 1088 2298 τῆς
1120 2213 1245 2295 πόλεως.

36 2399 40 2406 Ι
136 2312 250 2398 ὁμοίιος
266 2317 317 2380 καὶ
334 2313 406 2390 τοὺς
422 2313 524 2390 κίονας
539 2319 601 2380 τῶν
615 2312 798 2400 περιπάτων.
841 2313 976 2382 ἐπάτωσε
994 2315 1028 2382 δέ
1044 2315 1117 2394 τοὺς
1132 2318 1247 2398 αιἰτοτλς

91 2433 129 2487 20
136 2417 321 2508 περιπάτους
336 2417 413 2502 μετὰ
430 2423 600 2504 συηκοπής,
627 2419 678 2484 καὶ
701 2417 876 2486 ἀπετέλεσεν
893 2419 986 2498 αὐτὸς
1002 2427 1122 2508 πρῶτον
1138 2448 1246 2508 γυμνι-

204 2599 324 2666 Βσεημα
341 2598 374 2652 c.
478 2592 556 2653 4καὶ
574 2591 608 2652 τὸ
625 2593 787 2665 κάτοπτρον
802 2593 922 2670 λουτρὸν
937 2615 978 2653 om
996 2599 1029 2655 0.
1134 2597 1244 2657 ’ἐκολά-

204 2666 302 2737 &uduo
318 2667 387 2738 opud
404 2666 498 2724 Lamb.
517 2667 721 2740 κολυμβήθραν
735 2669 799 2722 Vet.
920 2667 938 2722 8
956 2665 1089 2740 segeneo]
1103 2663 1137 2724 ἐν
1154 2672 1244 2736 {eidos

204 2731 236 2789 di
255 2731 361 2805 ὑπῆρχε
380 2738 449 2807 apud
466 2737 499 2791 L.
517 2755 585 2792 corr.
602 2740 667 2792 Vct.
746 2741 781 2792 10
799 2737 893 2804 ίσαζον
909 2739 962 2792 odd
980 2740 1012 2792 0.
1091 2742 1125 2794 15
1141 2740 1247 2811 βαθμί-

206 2805 264 2858 δων
281 2805 400 2860 παλτῶν
419 2807 453 2861 C.
575 2800 636 2860 άνω
652 2807 708 2860 τάν
727 2824 768 2861 om
785 2807 818 2860 C.
939 2806 974 2863 17
991 2802 1098 2876 τόπων]
1114 2810 1191 2862 ναῶν
1208 2811 1243 2866 C.

208 2875 242 2929 19
264 2875 315 2927 τοῦ
330 2875 485 2941 περιπάτου
502 2875 536 2928 0.
673 2869 740 2937 τούς
757 2869 860 2936 eniteris
875 2871 1058 2944 περιπάτους]
1075 2874 1193 2940 τούτους
1209 2879 1243 2934 c.

203 2945 239 2998 20
257 2937 412 2998 ἐπετέλεσεν
433 2938 502 2998 αὐτὰ
520 2943 633 3012 πρῶτον
649 2941 770 3013 ποιήσας
785 2942 835 2998 καλ
850 2941 912 2998 ίππ.
933 2945 968 2998 c.

134 3096 266 3150 exstruxit
283 3112 388 3165 quoque
404 3096 577 3166 Magneurem
594 3103 624 3150 et
638 3098 763 3168 templum
779 3097 952 3165 dominicum,
975 3102 1031 3152 tum
1048 3097 1179 3154 aerarium
1195 3119 1244 3172 pu·

132 3168 228 3220 blicum
247 3171 276 3216 et
291 3166 422 3235 privatum
440 3175 469 3219 et
485 3166 639 3219 vestiarium
656 3175 684 3220 et
702 3167 828 3221 Gabalum
845 3173 873 3221 et
889 3167 980 3238 Sigme
996 3175 1025 3222 et
1041 3169 1155 3238 Ortum,
1183 3189 1246 3240 pro—

134 3237 230 3289 ximum
243 3234 378 3288 Ecclesiae
392 3253 493 3304 novae,
511 3241 540 3288 et
552 3242 658 3289 caetere
668 3254 753 3306 usque
768 3237 800 3289 ud
816 3241 919 3306 portum
935 3238 1059 3304 ferreum,
1079 3243 1107 3291 et
1122 3241 1244 3294 balneum

134 3305 623 3442 mittuttintinnum?
639 3306 1244 3447 inminutionetidini

133 3442 305 3512 receptacula
332 3443 447 3497 habebat
477 3448 506 3497 ct
532 3415 669 3496 duodicim
693 3445 812 3514 porticus
837 3452 866 3498 et
888 3417 1071 3516 amplissimum
1093 3399 1245 3502 notabirlum

134 3513 228 3582 figuris
249 3511 391 3564 variatum.
434 3519 462 3566 et
485 3518 585 3584 septem
610 3513 714 3582 quidem
736 3515 903 3585 receptacula
925 3516 1117 3569 similitudinem
1143 3523 1245 3588 septem

133 3585 313 3653 planetarum,
341 3581 478 3635 duodecim
499 3601 565 3635 vero
593 3583 709 3652 porticus
731 3584 868 3636 duodecim
893 3585 1018 3639 mensium
1040 3592 1244 3656 temperamento

135 3653 298 3705 referebant.
344 3653 489 3721 permensit
510 3657 597 3704 eutem
620 3651 751 3722 integrum
774 3670 859 3722 usque
885 3653 917 3706 ed
941 3654 1075 3738 imperium
1100 3655 1244 3726 Nicephori

134 3723 257 3787 Phocoe,
275 3719 349 3772 cuius
366 3737 503 3774 successor
519 3722 631 3774 Ioannes
650 3721 805 3790 szmisces
822 3722 886 3775 illud
903 3729 1020 3790 evert1t‚
1039 3729 1067 3776 et
1084 3741 1117 3777 ex
1135 3725 1245 3777 materie

136 3791 252 3844 Chulcen
279 3789 410 3858 condidit,
438 3791 466 3842 in
491 3808 544 3860 que
568 3791 688 3860 sepultus
713 3799 762 3844 est.
797 3798 928 3844 caeterum
951 3793 1059 3863 cupiens
1077 3795 1155 3846 etiam
1173 3794 1244 3845 Con·

135 3859 267 3912 stantiuus
289 3859 318 3910 in
342 3861 409 3912 urbe
432 3877 481 3912 suo
507 3861 605 3913 circum
628 3861 662 3912 ed
684 3860 854 3914 imitationem
869 3860 980 3915 Romani
1004 3862 1157 3928 aedificare,
1185 3877 1243 3914 eum

135 3945 211 3998 quem
230 3929 349 3982 Severus
366 3928 549 3998 imperfectum
565 3930 713 3999 reliqueret
729 3929 786 4000 ipse
809 3931 940 3998 absolvit,
967 3948 1044 3984 unum
1066 3949 1158 4002 nempe
1181 3945 1244 3998 gra-

135 3999 212 4052 duum
228 4003 347 4068 portem,
379 3999 474 4068 quibus
491 3999 642 4052 ascenditur
658 3999 692 4052 ad
709 3999 761 4052 duo
779 4000 942 4067 ambulacra,
971 4007 1000 4053 et
1015 4017 1096 4069 supra
1113 3999 1244 4052 cancellos

135 4069 320 4136 sphendonen,
349 4075 432 4122 metuo
448 4075 477 4120 et
492 4069 633 4123 sectiones.
667 4069 754 4122 omnia
769 4075 857 4121 eutem
874 4085 953 4121 aereo
969 4069 1045 4138 signe
1062 4073 1090 4120 et
1106 4065 1245 4147 simulacre

137 4153 170 4188 ex
185 4137 269 4190 retiis
286 4136 351 4188 locis
369 4145 398 4190 et
413 4137 565 4191 civitatibus
582 4139 694 4192 collecte
710 4139 743 4190 ed
764 4143 884 4191 ornatum
900 4137 975 4190 urbis
994 4137 1089 4190 erexit.
1124 4134 1246 4188 similiter

136 4212 166 4258 et
181 4207 312 4259 columnus
330 4207 551 4276 embolismorum,
568 4225 636 4276 quoe
651 4207 800 4278 pavimento
814 4208 912 4261 suevit
930 4206 1073 4260 tessellato·
1108 4203 1165 4273 ipse
1178 4219 1244 4255 vero

135 4274 174 4328 ibi
200 4275 311 4344 primum
332 4277 480 4347 gymnicum
497 4281 526 4330 et
542 4283 690 4348 equestrem
705 4277 793 4332 iudum
810 4275 902 4331 edidit.
936 4289 1027 4329 verum
1043 4275 1147 4336 statue,
1175 4287 1244 4340 quoe
