2808 4616
341 226 510 292 BREVES
536 222 743 290 ENARRAT.
773 223 1021 291 CHRONOGR.
1159 223 1233 297 175

128 415 427 498 κατεποντίσθησαν·
462 409 505 489 ὡς
529 417 651 478 πολλῶν
677 413 791 478 πλοίων
816 415 866 478 καὶ
895 409 1054 498 σαργάνων
1080 409 1234 481 ἐλθόντων

128 521 182 585 καὶ
205 524 402 602 κολυμβηταλν
421 524 510 582 τινῶν
516 565 526 596 ,
553 515 605 582 διά
621 516 656 582 τό
675 516 837 601 ἀδημονεῖν
855 515 908 582 τὸν
924 516 1071 599 βασιλέα,
1098 516 1186 605 δῶρά
1202 544 1235 585 τε

130 627 173 700 εἷς
208 628 328 706 πλῆθος
361 621 544 704 ταττομένου
556 669 565 699 ,
593 623 643 686 καὶ
672 617 713 697 ὡς
739 617 772 709 φ’
799 622 1000 708 κεντηναρίων
1027 620 1106 704 μεθ’
1135 620 1234 710 ὅρκων

130 732 265 814 φρικτιῦν
288 727 509 809 βεβαιουμένου
533 734 597 802 τοῖς
620 725 782 808 μέλλουσιν
806 725 880 792 αὐτὸ
904 722 1032 808 ἓκβάλαι
1049 727 1083 791 ἐκ
1099 733 1154 810 τῆς
1170 732 1235 791 θα-

104 828 262 913 5λάσσης,
289 829 344 894 οὐκ
369 830 475 912 ἴσχυσέ
495 855 551 905 τις.
602 825 669 894 τότε
688 830 840 916 ὀργισθεὶς
857 825 874 896 ὃ
893 829 984 907 aazia
1003 825 1168 906 Θεοδόσιος
1185 833 1236 894 καλ

128 934 181 999 τόν
205 929 338 999 Σινάτου
362 931 444 1000 οἶκον
466 939 510 1020 τῷ
530 935 604 1019 πυρὶ
621 935 852 1020 παραδέδωκεν,
876 931 935 998 sind
953 932 1110 1022 τεσσάρων
1126 930 1272 1000 κιόνωνΒ

127 1035 366 1120 βασταζόμενον.
417 1039 468 1102 καὶ
491 1039 658 1120 μετέθηκεν
677 1037 732 1120 τήν
750 1037 863 1123 στήλην
875 1035 996 1122 Ἑλένης
1012 1037 1128 1126 μητρός
1143 1040 1237 1104 Κων-

129 1143 304 1219 σταντίνου,
330 1143 381 1205 καὶ
400 1144 509 1218 αὐτοῦ,
536 1144 587 1205 καὶ
604 1148 659 1224 τῆς
675 1143 816 1225 γυναικός
834 1143 929 1208 αὐτοῦ
947 1138 1109 1227 Φαόστης,
1133 1149 1236 1229 θυγα-

128 1243 201 1332 τρός
228 1249 447 1326 [Μαξιμιανοῦ
463 1251 519 1308 τοῦ
533 1242 725 1330 Ἑρκουλέου,
751 1251 912 1331 γαμβροῦ]
938 1247 1179 1330 Διοκλητιανοῦ,
1205 1249 1237 1311 ἓν

85 1355 173 1437 Ιοτῷ
198 1349 281 1436 αὐτῷ
306 1346 444 1435 Σινάτῳ,
471 1348 566 1412 αὐτοῦ
591 1349 646 1430 μέν
669 1351 720 1412 καὶ
742 1356 797 1432 τῆς
813 1355 945 1434 γαμετῆς
958 1347 1171 1433 χαλκενχότων
1187 1352 1237 1416 καλ

128 1452 222 1540 μέρος
239 1447 442 1528 λιθενδότων,
465 1451 560 1534 αὐτῆς
577 1452 610 1515 δὲ
627 1451 659 1515 ἐκ
676 1459 838 1538 πορφυροῦ
855 1449 1022 1538 μαρμάρου
1041 1454 1235 1539 περιέχουσα·

130 1554 151 1620 ἅ
170 1580 237 1620 τινα
255 1558 305 1620 καὶ
323 1553 468 1634 σώζονται
486 1555 542 1630 ἕως
559 1561 613 1638 τῆς
631 1557 733 1641 δεῦρο.

572 1740 802 1808 ΠΑΠΙΑ.

230 1877 281 1943 Ἓν
306 1885 351 1968 τῷ
375 1881 523 1968 λεγομένῳ
547 1885 700 1967 Στατήρι,
726 1877 799 1966 ὅπερ
825 1877 940 1964 λέγεται
963 1875 1088 1942 Μόλων
1115 1875 1277 1946 άλωνιὸνθ

87 2003 124 2056 15
134 1979 209 2048 εἶναι
233 1983 265 2046 ἔκ
287 1979 455 2070 μαρμάρου
478 1987 681 2068 πηγανουσέου
701 1987 743 2060 εἷς
758 1990 857 2066 μῆκος
873 1980 997 2068 ὀργυίας
1014 1978 1047 2060 τ’,
1076 1977 1190 2057 πλάτος
1206 1982 1241 2046 δὲ

132 2087 256 2172 όργυίας
274 2083 329 2150 δόο
347 2083 459 2168 ήμισυ,
484 2088 561 2174 πρὸς
576 2084 664 2152 νότον
681 2088 713 2152 ἕν
730 2097 794 2162 τοῖς
811 2084 1019 2171 άνακτορικοῖς
1036 2083 1146 2163 οἷ’κοις,
1164 2084 1241 2172 πρὸς

133 2191 167 2253 δέ
189 2195 308 2276 βορρᾶν
332 2189 409 2274 πρδς
431 2189 483 2256 τὸν
506 2192 637 2256 παλαιὸν
654 2188 744 2270 ναόν,
772 2187 846 2275 ὅπερ
864 2190 895 2252 ἓν
911 2193 956 2276 τῷ
972 2183 1081 2272 στήθει
1098 2186 1240 2276 ἔγραφεν,

133 2293 177 2356 δι’
207 2296 388 2375 έμπλαστιόυ
412 2295 552 2382 χρυσέων
578 2298 628 2359 καὶ
657 2293 811 2381 ἀργυρέων
836 2288 1045 2380 γραμμάτων,
1076 2291 1242 2380 Ἀφροδίτη

132 2393 265 2480 Σελήνη,
299 2394 397 2480 ἐδόθη
423 2398 562 2481 Πέρσαις
588 2400 632 2474 εἷς
654 2396 770 2463 πάκτον
796 2398 845 2460 ἐπὶ
865 2396 1062 2463 Ἀναστασίου
1086 2398 1279 2478 βασιλέωςΙ)

88 2519 126 2572 20
134 2499 200 2566 ἀντὶ
226 2507 375 2585 σταθμῶν
396 2504 503 2583 χιλίων
524 2508 654 2590 χρυσοῦ.
705 2504 757 2566 καὶ
782 2507 873 2567 τοῦτο
901 2502 934 2566 δέ
958 2497 975 2565 ὃ
1000 2499 1093 2577 αὐτὸς
1114 2502 1242 2578 Παπίας

131 2605 267 2682 ἐδίδαξεν
293 2608 326 2670 ἐκ
349 2611 410 2671 τῶν
434 2606 530 2672 αὐτοῦ
554 2604 818 2693 συγγραμμάτων,
844 2603 890 2671 ὅτι
909 2605 942 2670 αἱ
958 2607 1174 2694 γοργονοειδεῒς
1192 2617 1241 2669 κε-

204 2797 238 2850 13
256 2798 353 2867 Papiae
370 2797 489 2853 historici
506 2800 625 2852 meminit
640 2800 808 2869 Nicephorus
826 2799 949 2852 Callistus
967 2803 983 2854 1
1013 2804 1040 2855 1.
1077 2801 1171 2852 humb.

133 2966 249 3021 mulacro
267 2965 294 3018 in
311 2983 383 3020 mare
400 2969 622 3037 praecipitarunt,
642 2968 682 3022 ita
699 2973 729 3020 nt
745 2967 832 3022 multis
851 2967 970 3021 adductis
987 2965 1117 3019 naviculis
1132 2969 1158 3018 et
1171 2965 1242 3019 funi-

134 3040 184 3090 bus
208 3037 453 3106 urinatoribusque‚
477 3039 597 3109 quodid
619 3041 764 3109 imperator
780 3037 960 3092 molestissime
977 3037 1074 3102 ferret,
1100 3035 1242 3104 multisque

134 3105 211 3160 dorsis
234 3106 379 3176 propositis
403 3123 488 3176 usque
512 3109 546 3162 ad
567 3109 758 3178 quinquaginta
775 3107 927 3162 centenaria
942 3106 1079 3160 horrendis
1096 3122 1153 3158 cum
1170 3103 1242 3159 iura-

133 3175 227 3230 mentis
253 3176 378 3245 promissa
403 3176 427 3229 si
451 3177 508 3247 quis
531 3195 563 3230 ex
586 3181 650 3231 mari
674 3179 816 3232 extrahere
832 3185 940 3249 posset,
965 3194 1040 3228 nerno
1057 3176 1086 3227 id
1103 3183 1241 3244 praestare

133 3244 262 3318 potuerit.
297 3245 464 3316 quamobrem
489 3247 583 3300 ardens
607 3249 648 3301 ira
671 3248 839 3302 Theodosius
865 3255 990 3317 quattuor
1007 3245 1132 3298 columnis
1150 3245 1242 3298 fultam

135 3317 251 3367 Senatus
268 3317 359 3368 aedem
376 3315 485 3369 flammis
503 3317 589 3382 dedit3
616 3325 694 3387 atque
711 3319 831 3371 Helenae
848 3317 938 3370 matris
956 3314 1137 3382 Constantini,
1157 3314 1242 3384 ipsius

133 3385 198 3437 item
216 3385 399 3452 Constantini,
419 3393 448 3438 et
464 3389 554 3440 uxoris
571 3387 640 3440 illius
656 3389 788 3454 Faustae,
810 3387 964 3441 Maximiani
979 3386 1116 3452 Herculii,
1135 3384 1242 3438 Diocle-

134 3453 201 3506 tiani
224 3455 330 3522 generi,
359 3455 444 3522 filiae,
471 3462 574 3512 statuas
591 3458 619 3510 in
637 3458 746 3512 eundem
763 3457 890 3510 Senatum
907 3456 1057 3524 transtulit,
1083 3455 1166 3524 ipsius
1185 3453 1243 3522 qui-

135 3521 194 3576 dem
219 3531 248 3576 et
273 3524 363 3577 uxoris
389 3531 490 3580 statuas
515 3545 548 3580 ex
571 3545 633 3581 aere
655 3529 728 3579 fusas
746 3529 894 3597 partimque
910 3526 1006 3596 lapillis
1025 3533 1145 3589 ornatas3
1171 3522 1242 3576 illius

135 3601 221 3646 autem
239 3611 273 3646 ex
289 3611 416 3648 marmore
432 3597 638 3667 porphyretico;
662 3613 731 3666 quae
747 3597 875 3667 hodieque
892 3601 1042 3666 supersunt.

537 3735 608 3798 EX
650 3736 834 3798 ΡΑΡΙΑ.

238 3832 269 3885 In
286 3833 344 3887 loco
362 3850 439 3904 quem
456 3836 588 3889 Statorem
606 3841 716 3903 vocant,
735 3853 811 3906 quarn
828 3835 937 3889 Molium
952 3835 1084 3906 vulpinam
1098 3833 1240 3905 appellant,

136 3916 170 3954 ex
194 3917 319 3956 marmore
344 3905 494 3973 Peganusio
520 3907 637 3959 ulnarum
664 3907 779 3976 quinque
804 3904 975 3974 longitudinis
1001 3905 1160 3973 duarumque
1184 3917 1241 3954 cum

135 3968 242 4023 dimidio
268 3973 432 4041 latitudinis,
460 3977 493 4028 ad
517 3982 632 4030 austrum
649 3976 676 4028 in
693 3975 789 4030 Palatii
807 3975 932 4042 aedibus,
961 3973 994 4028 ad
1015 3976 1160 4044 aquilonem
1177 3987 1243 4023 vero

136 4040 236 4092 vetaris
260 4043 388 4096 ecclesiae
411 4051 549 4114 respectu,
574 4046 602 4098 in
625 4047 699 4098 cuius
722 4053 831 4115 pectore
854 4045 919 4098 haec
941 4045 1079 4116 inscriptio
1103 4039 1191 4096 aureis
1216 4047 1245 4092 et

136 4109 270 4175 argenteis
288 4112 395 4166 insertis
411 4114 508 4167 litteris
525 4115 638 4184 legitur,
662 4109 772 4168 “Venus
788 4109 899 4183 Luna‚’'
926 4114 1067 4168 Anastasio
1084 4113 1244 4178 imperatore

135 4176 226 4230 Persis
252 4197 300 4249 pro
324 4189 402 4250 pacta
428 4185 541 4253 pecunia
566 4186 629 4238 data
652 4189 707 4253 est,
733 4201 782 4254 pro
807 4186 874 4239 mille
898 4186 955 4238 auri
975 4184 1100 4237 librarum
1117 4179 1243 4248 pondere.

137 4245 208 4317 quod
224 4248 309 4320 ipsum
326 4251 381 4306 suis
396 4253 424 4306 in
441 4254 547 4326 scriptis
565 4255 661 4326 Papias
676 4255 774 4309 docuit.
810 4257 963 4326 Gorgonum
980 4251 1070 4322 capita
1086 4250 1114 4302 in
1130 4249 1243 4304 Chalcus
