2802 4636
179 285 231 352 28
519 279 737 347 GEORGIUS
765 275 951 344 CODINUS

178 469 200 554 ἢ
217 469 318 545 ἄλλοις
335 495 399 544 πως
416 473 603 543 πολυτελεῖς,
631 467 663 530 ἓν
681 466 714 530 δὲ
729 475 796 540 ταῖς
812 476 927 542 κοιναῖς
943 463 1084 542 συνόδοις
1100 470 1288 552 ξηραμπελί-

178 601 234 650 νας
250 579 293 660 τῷ
306 570 464 658 χρώματι,
484 571 521 647 ἃς
538 569 665 636 ἐκάλουν
682 569 891 654 άτραβατικάς
908 569 967 634 άπὸ
985 576 1041 635 τοῦ
1052 567 1234 656 χρώματος·
1252 575 1288 638 τό

178 678 237 763 γάρ
255 677 351 758 μόλον
368 673 461 762 άτρον
475 682 612 740 καλοῦσι.
663 671 683 757 ἤ
702 671 748 736 ότι
764 672 841 756 μετὰ
859 675 996 760 τραβὲων
1013 671 1139 754 ταύταις
1156 675 1288 742 εἰώθασι

177 787 335 868 χρῆσθαι·
354 781 480 864 τραβέαι
499 780 532 843 δὲ
550 779 685 862 λέγονται
704 777 735 841 αἲ
752 782 924 854 πολυτελεῖς
937 775 1104 860 χλαμύδες.

139 897 162 950 c
284 889 335 968 Τῇ
357 884 477 968 πέμπτῃ
501 889 557 948 τοῦ
572 881 757 966 Ὀκτωβριόυ
774 880 871 963 μηνός
888 877 1028 966 ἐχόρευον
1045 881 1073 945 οἱ
1090 878 1311 968 ῥεγεονάρχαιό

180 991 212 1054 ἓν
228 993 272 1075 τῷ
289 989 319 1048 Γ
316 989 441 1072 ουστείῳ
458 985 552 1071 ἤγουν
570 993 612 1072 τῷ
630 985 814 1070 όψοπτολίῳ,
833 987 875 1060 εἷς
892 983 982 1066 τιμὴν
998 990 1054 1050 τοῦ
1069 982 1287 1066 βασιλεύοντος

178 1089 256 1156 κατά
274 1090 326 1155 τόν
344 1088 459 1176 καιρόν.
510 1088 563 1154 τὸν
581 1088 673 1152 αὐτὸν
689 1079 743 1152 οὖν
761 1085 852 1152 τόπον
870 1089 898 1151 oi
923 1091 1044 1153 illabente
1061 1089 1286 1172 Αόγουστιῶνοι

178 1199 333 1260 καλοῦσιν.
383 1196 414 1258 ἓν
440 1184 466 1280 ᾧ
489 1196 538 1256 καὶ
557 1197 664 1275 στῆλαι
683 1191 812 1275 ἔστησαν
829 1199 883 1256 τοῦ
899 1191 1033 1276 μεγάλου
1052 1193 1284 1256 Κωνστυντίνου

178 1301 228 1363 καὶ
246 1304 300 1379 τῆς
318 1296 413 1361 αὐτοῦ
429 1294 563 1382 μητρός,
583 1295 629 1360 διὸ
647 1298 697 1360 καὶ
715 1292 891 1376 ἐπωνόμασε
904 1294 1285 1382 τόντόπονΑὖγουστεῖαν,

178 1399 324 1490 πρότερον
341 1403 373 1462 Γ
370 1411 504 1466 οοστεῖαν
520 1397 678 1484 λεγόμενον
693 1397 786 1483 ἤγουν
803 1396 990 1482 ὀψοπώλιον.
1295 1406 1331 1459 10

278 1507 329 1568 Ἐν
345 1505 400 1586 μὲν
417 1512 454 1591 τῇ
473 1501 563 1587 cipli:
580 1509 634 1586 τῆς
652 1501 794 1588 καμάρας
811 1510 865 1567 τοῦ
884 1501 981 1589 φόρου
997 1505 1122 1568 ἰ’σταντο
1136 1498 1192 1566 llo
1210 1507 1286 1584 στῆ-

136 1622 161 1674 Ι)
179 1615 230 1672 λαι
242 1605 363 1692 Ἑλένης
379 1611 429 1672 καὶ
440 1609 689 1685 Κωνσταντίνου,
707 1609 757 1671 καὶ
774 1606 907 1692 σταυρὸς
920 1609 1013 1690 μόσον
1024 1609 1140 1684 αὐτῶν,
1158 1603 1287 1692 γράφων

174 1709 193 1734 α
215 1709 231 1741 ην
270 1710 285 1734 ιι

198 1739 241 1788 εις
265 1738 365 1796 αγιος,
393 1708 436 1787 εἷς
460 1711 564 1798 κόριος
578 1713 695 1795 Ἰησοῦς
711 1711 849 1795 Χριστὸς
876 1713 918 1786 εἷς
942 1709 1036 1790 δόξαν
1057 1717 1134 1777 θεοῦ
1159 1706 1286 1794 πατρός,

179 1813 293 1899 όιμῆν.”
347 1813 459 1899 ὁμοίως
476 1819 526 1880 καὶ
551 1813 606 1880 όόο
631 1813 833 1900 τσχυόρόμων
859 1820 970 1898 στῆλαι
993 1815 1158 1904 πτερωτοί·
1185 1813 1288 1878 ἀνετέ-

179 1927 283 2006 θησαν
300 1921 334 1984 (λε’
350 1920 435 2006 παρὰ
452 1926 508 1985 τοῦ
523 1921 576 1984 τόν
594 1918 691 2007 φόρον
708 1921 922 2005 ἓπιιρχοῦντος.
1295 1926 1329 1979 15

280 2025 398 2100 Κτιόιις
422 2019 438 2088 ὅ
460 2023 673 2099 Ἰουστινιυνὸς
699 2023 754 2106 τὴν
779 2020 867 2108 ἁγίαν
891 2021 1012 2110 Σοφίαν
1035 2017 1204 2104 ἔκαθάρισε
1229 2019 1289 2103 τὴν

88 2143 163 2202 Ρ17
180 2124 292 2210 αὖλῆν,
316 2130 368 2192 καὶ
394 2126 616 2214 ε’μαρμάροισεν
640 2125 752 2208 αὐτήν,
780 2125 814 2192 τό
839 2123 987 2214 πρότερον
1011 2115 1107 2190 οὖσαν
1123 2125 1154 2186 Γ
1152 2133 1289 2190 ουστεῖον

177 2228 272 2316 ἤγουν
295 2226 483 2313 όψοπιόλιον.
535 2227 582 2294 ab
609 2227 714 2312 ἔστησε
739 2227 794 2311 τὴν
820 2225 931 2295 ἑαυτοῦ
956 2226 1067 2312 στήλην
1089 2227 1220 2312 ἔφιππον
1237 2225 1288 2290 ἐπὶ

178 2335 286 2411 κίονος.
338 2334 390 2398 καὶ
407 2337 446 2418 τῇ
461 2332 517 2414 μὲν
535 2331 682 2422 ἀριστερᾷ
694 2333 775 2420 χειρὶ
794 2334 878 2420 φέρει
901 2345 1050 2422 σφαῖραν,
1077 2325 1286 2414 ἐμπεπηγότος

249 2523 307 2583 δεῖ
316 2519 372 2580 ἐστὶ
388 2521 458 2594 μετά
474 2521 525 2588 τάς
540 2546 592 2594 τρο
614 2523 662 2590 εὀις
677 2527 767 2582 ταῦτα
785 2523 903 2582 εἰώθασι
913 2528 1040 2598 χρίεσθαι
1050 2527 1114 2582 vat.
1183 2525 1286 2596 bpart.

248 2601 312 2666 ὄρ.
330 2597 347 2652 6
365 2597 479 2653 Bandur.
515 2597 551 2667 τῇ
568 2617 590 2652 ιε
618 2599 713 2652 Suidas
731 2599 758 2651 in
777 2595 942 2664 Αὔγουστος.
1023 2595 1158 2665 Βοτήληυ
1176 2592 1288 2665 ἔστησεν

247 2670 460 2728 Κωυστοιντῖνος
487 2668 537 2736 τῆς
567 2664 671 2738 μητρός
697 2664 785 2721 αὐτοῦ
812 2669 844 2726 (λ.
983 2669 1000 2725 9
1027 2661 1221 2736 Αόγουστιῶνοι
1253 2667 1286 2719 0.

249 2739 283 2790 10
299 2737 461 2804 γουστείονοι
478 2737 510 2789 C.
615 2741 647 2794 ll
663 2758 690 2810 p.
710 2739 743 2794 12
760 2739 844 2796 Band.
862 2737 989 2792 ἵστανται
1006 2740 1039 2792 C.
1131 2737 1166 2792 13
1183 2733 1223 2797 οἷς
1239 2731 1288 2789 κά-

249 2825 308 2876 ρτος
325 2834 360 2846 -
377 2801 453 2876 άμήν
470 2825 511 2860 om
530 2809 638 2862 Suidas.
737 2811 771 2862 14
787 2808 929 2874 πτερωτοί
943 2827 985 2862 om
1004 2809 1109 2864 suidas.
1144 2822 1284 2874 πτερυγω-

246 2877 294 3002 ηαὶ
314 2878 374 2999 Vrbe.
408 2878 566 2948 πτερωτῶν,
582 2879 683 2934 omissis
699 2878 816 2950 reliquis,
834 2879 867 2935 C.
973 2880 1007 2935 16
1024 2897 1052 2950 p.
1070 2879 1087 2934 6
1104 2877 1187 2933 Baud.
1222 2871 1286 2929 ἐπά-

271 2964 321 3016 ηρε
362 2982 371 3000 .

177 3118 353 3171 oonrentibus
377 3119 555 3188 xerampelina
577 3121 664 3174 colore
686 3119 799 3185 tinctas,
826 3135 892 3189 quas
913 3123 1012 3172 vocant
1028 3118 1211 3188 Atrebaticas,
1241 3125 1288 3172 aut

178 3187 240 3255 quia
257 3187 358 3256 nigrum
373 3189 507 3255 appellant
525 3200 624 3256 atrum,
654 3196 700 3240 aut
718 3189 836 3257 quoniam
854 3187 906 3242 illis
924 3205 976 3242 una
993 3207 1050 3242 eum
1066 3191 1167 3244 trabeis
1185 3189 1226 3242 uti
1241 3207 1287 3242 so-

177 3256 248 3309 lent:
266 3274 324 3308 nam
343 3265 431 3308 vestes
450 3267 617 3327 sumptuosae
634 3259 800 3311 nominantur
817 3261 933 3311 trabeae.

282 3325 382 3388 Quinta
403 3326 446 3378 dis
470 3330 565 3381 mensis
585 3328 710 3381 Octobris
733 3329 862 3398 praefecti
883 3328 1017 3396 regionum
1041 3329 1116 3380 urbis
1138 3329 1166 3381 in
1184 3331 1285 3380 Gusteo

178 3411 225 3447 eeu
240 3396 298 3446 l'oro
316 3395 414 3447 cibario
432 3397 541 3451 choreas
559 3399 689 3452 ducebant
707 3397 865 3452 inhonorem
881 3397 1048 3468 imperatoris
1064 3399 1134 3452 illius
1152 3398 1287 3467 temporis.

177 3465 248 3517 buno
270 3464 351 3533 igitur
373 3465 456 3518 locum
481 3467 575 3537 vulgus
597 3468 787 3537 Augustionem
810 3469 934 3520 nominat.
975 3467 1071 3521 ibidem
1098 3469 1288 3522 Constantinus

178 3551 288 3602 magnus
306 3534 357 3586 sibi
375 3552 490 3605 suaeque
505 3539 584 3591 matri
608 3547 724 3592 statuam
745 3539 851 3608 posuit,
880 3554 990 3606 eamque
1015 3541 1048 3592 ob
1073 3555 1178 3591 causam
1202 3539 1288 3591 locum

178 3605 287 3655 vocavit
304 3605 466 3672 Augusteum
484 3625 531 3660 seu
547 3609 733 3678 Augustalem,
753 3625 809 3660 cum
827 3613 907 3660 antea
925 3608 1055 3662 Gusteum
1070 3609 1130 3662 sive
1147 3609 1233 3662 iorum
1250 3607 1288 3659 ci-

177 3671 277 3728 barium
293 3675 481 3744 appellabatur.

279 3743 309 3794 ln
328 3761 391 3796 arou
407 3761 525 3798 camerae
541 3745 594 3798 lori
609 3745 752 3798 collocatae
770 3751 847 3798 erant
871 3745 938 3798 duas
963 3751 1084 3812 statuae,
1117 3747 1236 3800 Helenae
1261 3751 1289 3797 et

176 3813 359 3878 Constantini,
379 3815 450 3866 etin
466 3833 556 3868 earum
574 3817 657 3868 medio
675 3833 753 3881 crux,
772 3816 814 3866 oui
830 3815 980 3884 inscriptum
998 3825 1053 3868 erat
1065 3813 1153 3870 “unua
1171 3822 1289 3882 sanctus,

176 3899 243 3935 unus
264 3883 393 3947 dominus,
411 3885 485 3937 lesus
497 3886 618 3938 Christus
636 3887 662 3938 in
679 3886 764 3956 gloria
779 3885 821 3936 dei
838 3886 937 3953 patris,
955 3881 1055 3940 amen.''
1088 3887 1152 3939 itam
1163 3887 1289 3940 viseban-

175 3959 221 4074 ρον
241 3953 280 4005 ibi
302 3953 369 4006 duae
392 3956 542 4024 angelorum
559 3963 665 4009 statuae
689 3956 789 4008 alataer
817 3962 923 4007 erectae
941 3964 1028 4008 autem
1053 3959 1161 4010 luerunt
1178 3973 1194 4010 a
1210 3971 1288 4026 prae-

188 4029 247 4074 ecto
264 4022 325 4076 fori.

282 4093 348 4146 Cum
364 4091 525 4144 lastinianus
541 4093 664 4162 templum
685 4099 795 4148 sanctae
813 4093 929 4162 Sophiae
951 4095 1168 4161 exaedificasset,
1195 4109 1290 4162 repurn

178 4159 254 4228 gavit
271 4179 376 4233 quoque
393 4180 480 4214 aream
505 4167 566 4212 ante
591 4163 675 4230 ipsum
696 4165 787 4231 eitam,
819 4180 928 4230 eamque
949 4165 1119 4218 marmoribus
1142 4164 1291 4230 exornavit,

177 4244 237 4279 cum
254 4240 332 4285 antea
350 4235 478 4286 Gusteum
494 4231 554 4283 sive
570 4232 655 4284 lorum
679 4233 803 4286 cibarium
828 4239 913 4291 esset:
942 4231 1055 4302 ideoque
1077 4241 1193 4287 statuam
1217 4251 1290 4286 suam

177 4305 326 4366 equestrem
343 4304 382 4358 ibi
399 4320 481 4373 supra
496 4301 641 4356 columnam
658 4303 757 4373 erexit,
783 4319 850 4374 quae
867 4302 977 4356 siuistm
992 4319 1068 4358 manu
1084 4311 1161 4358 tenet
1175 4305 1290 4374 globum,
