2802 4636
472 287 531 352 DE
556 283 782 358 AEDIFICIIS
809 285 870 351 GP.
1176 283 1224 356 75

119 488 203 555 τΐνος
228 473 244 541 ὁ
269 469 466 559 κοντρτόνυμος
488 474 669 561 ἆρμοιμέντα
690 476 741 540 καί
765 471 968 562 κοπροθέσιον
984 470 1077 538 αὐτὸν
1094 474 1224 557 ἐποίησε,

122 585 175 648 καὶ
201 581 234 646 τὸ
263 581 407 663 λείψανον
433 584 488 662 τῆς
514 576 601 664 ἁγίας
628 579 684 645 σῦν
710 583 748 664 τῇ
773 576 902 660 λάρνακι
928 581 970 654 είς
986 575 1038 642 τόν
1053 577 1156 658 βυθὸν
1172 584 1227 660 τῆς

124 681 286 768 θαλάσσης
311 683 503 768 κατέρριψεν.
555 683 633 765 μετὰ
658 684 691 748 δὲ
713 679 844 770 χρόνους
866 681 909 762 λζ
933 677 1049 768 Εἰρήνη
1067 675 1087 763 ἡ
1105 679 1226 764 storiis-1

126 785 220 871 στοίτη
245 784 415 872 Αόγοόστα
440 783 460 870 ἢ
483 786 647 871 Ἀθηναία
670 794 778 852 τοῦτον
801 783 892 851 πόλιν
917 781 1148 875 ἀνῳκοδόμησε,
1175 788 1227 849 καὶ

100 894 161 958 brui
179 891 265 978 ἅγιον
282 893 426 974 λείψανον
443 891 474 954 ἓν
490 892 609 980 Λέσβῳ
626 888 758 979 εῦροῦσα
775 887 943 974 ἀνεκόμισε.

226 1029 362 1095 Μέλλων
379 1027 479 1093 κτίσαι
496 1029 552 1113 τὴν
570 1025 657 1094 πόλιν
674 1025 690 1093 ὃ
706 1029 801 1114 μέγας
820 1030 1051 1104 Κοινοταντῒνος
1068 1029 1118 1092 καὶ
1136 1030 1229 1110 πῆξαι

122 1131 158 1198 τὸ
185 1134 328 1215 θεμέλιον
353 1132 433 1196 κατὰ
458 1132 514 1216 τὴν
539 1133 616 1220 παρ’
643 1133 738 1198 αὐτοῦ
760 1133 920 1219 γενομένην
944 1133 1228 1220 σχηματογραψέαν,

124 1237 213 1315 πεζὸς
236 1239 345 1320 ἐξῆλθε
369 1235 530 1316 μετὰτῶν
553 1235 740 1322 μεγιστάνων
764 1237 869 1304 αὐτοῦ.
919 1235 1065 1312 ἐλθόντος
1082 1237 1115 1300 (λε’
1132 1236 1267 1302 αῦτοῦΒ

126 1345 168 1418 είς
184 1340 237 1405 τὸν
255 1338 367 1426 ψόρον,
387 1337 491 1416 ἔλεξαν
508 1339 592 1428 αὐτῷ
609 1341 637 1405 οἱ
654 1340 797 1427 όίρχοντες
814 1343 909 1406 αότοῦ
927 1337 1087 1406 “ένταῦθα
1104 1341 1230 1424 ποίησον

80 1456 119 1509 10
127 1443 162 1508 τὸ
180 1444 266 1520 τέλος
282 1445 338 1508 Ιτοῦ
353 1443 503 1528 soriguer?³
557 1446 666 1520 ἐκεῖνος
692 1446 725 1509 (λε’
750 1443 808 1532 ἔφη
830 1441 910 1520 “i‘wc
928 1435 964 1508 οῦ
981 1451 1037 1530 στῇ
1055 1441 1070 1508 ὁ
1089 1469 1230 1528 προαγω-

125 1543 180 1632 γός
196 1572 274 1630 μου,
292 1547 384 1612 ε’κεΐσε
401 1545 594 1634 ντληροόσω·”
620 1545 716 1630 μόνος
732 1547 791 1636 γὰρ
809 1549 918 1623 ἐκεῖνος
936 1543 1017 1631 ἕεόρα
1035 1546 1088 1611 τόν
1106 1545 1230 1632 ι’ίγγελον

125 1648 389 1737 προσορευόμενον
407 1651 512 1716 αὐτοῦ.
564 1650 709 1717 ἀπελθὼν
726 1641 780 1714 οῦν
795 1652 885 1736 μέχρι
901 1658 956 1714 τοῦ
969 1650 1160 1728 Ἔξιοκιονίου
1178 1677 1232 1716 πε-

127 1755 178 1833 ζὸς
193 1754 270 1837 μετιλ
288 1751 388 1839 πόσης
404 1762 459 1839 τῆς
476 1753 661 1840 συγκλήτου,
686 1756 778 1820 ἐκεῖσε
796 1751 946 1819 ἐθεάσατο
963 1754 1017 1820 τὸν
1035 1753 1160 1839 ίίγγελον
1177 1754 1232 1837 τὴν

127 1857 283 1946 ῥομφαίαν
309 1856 448 1942 πήξαντα
474 1861 524 1924 καὶ
549 1856 728 1944 μηνόσαντα
753 1859 809 1933 ἕως
826 1859 889 1922 έκεΐ
902 1863 1009 1941 στῆναι
1027 1855 1129 1922 αὐτόν.
1181 1857 1232 1921 διὰ

84 1971 120 2025 15
128 1968 202 2047 γοῦν
228 1967 317 2027 τοῦτο
343 1961 449 2046 ἔπηξεν
473 1963 529 2040 ἕως
553 1963 644 2030 έκεΐσε
662 1963 696 2028 τὸ
716 1971 830 2046 τεῖχος,
856 1963 907 2026 καὶ
925 1959 987 2028 ἴστι
1004 1961 1093 2048 μέχρι
1109 1965 1164 2026 τοῦ
1180 1965 1233 2027 νῦν

126 2065 163 2130 τὸ
181 2071 284 2150 σχῆμα
303 2064 408 2131 αὐτοῦ.

232 2202 371 2287 Λέγουσι
397 2203 430 2267 δι’
454 2205 522 2291 περὶ
545 2209 600 2269 τοῦ
623 2199 721 2289 φόρου
746 2199 793 2266 ὅτι
818 2205 859 2278 είς
875 2202 1003 2284 μίμησιν
1020 2205 1075 2266 τοῦ
1087 2199 1234 2267 Ὠκεανοῦ

130 2305 256 2389 ε’κτίσθη
284 2303 477 2390 κυκλοειόής,
504 2309 554 2371 καὶ
580 2305 746 2388 ψεύδονται
764 2305 793 2369 oi
809 2311 898 2369 τοῦτο
916 2305 1066 2389 λέγοντες·
1093 2305 1148 2388 τὴν
1171 2305 1231 2394 γὰρ

130 2411 230 2472 αἰτίαν
254 2415 310 2474 τοῦ
335 2407 491 2492 σχήματος
514 2406 623 2474 τοῦτον
648 2407 708 2492 ἤδη
734 2404 939 2492 προλαβόντες
956 2408 1086 2490 εἴπομεν.
1139 2410 1271 2476 inuicto

85 2513 165 2576 λθόὲ
179 2504 218 2596 ἦν
235 2515 285 2577 καὶ
303 2509 467 2600 ὡρολόγιον
480 2519 636 2597 χαλκοῦν,
662 2511 736 2600 ὅπερ
752 2510 837 2597 ἤχθη
855 2511 915 2576 ἀπὸ
936 2513 1080 2592 Κυζίκου.

199 2721 273 2786 δόξ’
281 2725 289 2792 ]
309 2721 459 2792 τριάκοντα
475 2719 506 2790 ἓξ
524 2722 642 2794 χρόνους
658 2728 691 2782 O.
801 2726 862 2794 bp·
880 2722 914 2778 16
931 2725 1016 2779 Bund.
1119 2721 1235 2791 ὃπεζός

202 2791 319 2861 ἐξῆλθε]
338 2791 537 2862 κατεμέτρησεν
557 2789 645 2863 αὐτὴν
662 2790 744 2859 πεζός
760 2791 880 2858 ἐξελθών
898 2793 930 2846 C.
1054 2796 1088 2850 10
1106 2813 1233 2864 προαγα-

201 2857 249 2928 γός
264 2863 335 2930 μου]
353 2857 369 2915 ὁ
386 2860 578 2929 προοδοποιός
592 2884 661 2934 μου,
681 2861 715 2918 οῦ
732 2864 805 2917 ποιῶ
821 2859 913 2928 στόμα
928 2863 997 2933 ch.
1102 2864 1136 2918 17
1173 2866 1233 2918 ‚12

201 2931 288 3052 gend.
317 3001 339 3052 c
449 2933 483 2988 18
516 2933 565 2986 καὶ
593 2962 628 2976 -
655 2935 770 3004 elocuto
803 2949 844 2986 om
873 2932 906 2986 (l.
1069 2934 1105 2986 λθ
1156 2935 1233 3002 γθη]

215 3017 300 3068 φερεν
343 3037 349 3054 .

133 3189 205 3242 tinus
230 3189 413 3258 copronymus
437 3189 549 3242 mumvit
572 3189 599 3242 in
623 3189 807 3244 armentarium
828 3193 857 3242 et
878 3188 1070 3259 sterquilinium
1091 3190 1233 3258 publicum,

132 3257 251 3328 reliquiis
277 3259 307 3310 S.
329 3258 492 3329 Euphemice
514 3275 571 3311 enm
587 3261 672 3312 loculo
688 3262 716 3312 in
732 3279 804 3313 mare
821 3259 958 3329 proiectis.
993 3268 1054 3328 post
1071 3277 1152 3312 unncs
1169 3277 1232 3313 vero

132 3327 169 3383 37
185 3345 253 3398 pene
269 3329 438 3381 Atheniensis
455 3329 505 3380 boc
521 3330 643 3400 templum
661 3329 852 3397 reaedificavit,
871 3335 899 3381 et
912 3333 1016 3381 sanctus
1028 3329 1152 3399 reliquias
1164 3330 1232 3402 upud

133 3397 259 3451 Lemnum
276 3398 387 3451 insulam
404 3407 524 3468 reportes
541 3415 572 3451 eo
588 3400 683 3452 iterum
697 3400 842 3452 transtulit.

240 3468 429 3521 Constantinus
452 3485 562 3536 magnus
583 3469 655 3521 urbis
672 3485 736 3522 suae
752 3469 921 3522 fundamento
936 3465 1069 3536 positurus
1087 3467 1161 3520 iuxta
1177 3469 1235 3520 for-

135 3553 202 3590 mem
227 3553 305 3604 quam
329 3537 532 3608 designaverat,
558 3538 617 3607 ipse
641 3539 752 3609 pedibus
776 3536 937 3603 circumivit,
970 3536 1153 3590 comitantibus
1177 3555 1235 3591 enm

135 3605 289 3690 proceribus
307 3607 378 3671 κοῖος
404 3607 464 3678 qni,
490 3607 535 3659 ubi
552 3625 636 3678 usquc
653 3608 681 3660 in
696 3609 782 3661 forum
797 3611 954 3678 perventum
970 3606 1037 3672 fuit,
1063 3624 1187 3660 monuere
1204 3613 1237 3660 ut

135 3676 189 3728 rllic
208 3678 341 3746 pomoerio
358 3677 436 3729 finem
453 3683 593 3730 statueret.
628 3677 672 3731 ille
690 3695 755 3729 vero
770 3677 907 3748 respondit
932 3670 1004 3728 “non
1021 3675 1071 3729 nisi
1088 3677 1132 3730 ubi
1149 3678 1173 3730 is
1190 3677 1236 3746 qui

136 3761 178 3797 me
194 3747 329 3814 praecedit
345 3745 439 3799 ductor
456 3746 622 3811 constiterit,
644 3747 721 3799 finem
739 3741 866 3799 femum.”
900 3746 1011 3798 videbat
1028 3745 1148 3800 nimirum
1166 3747 1236 3798 solue

136 3815 256 3884 angelum
278 3823 455 3884 praeeuntem.
489 3833 647 3886 progressus
666 3817 750 3884 igitur
766 3817 878 3886 pedibus
894 3831 951 3868 cnm
967 3819 1025 3868 toto
1042 3823 1136 3869 senatu
1153 3831 1237 3882 usquc

136 3883 171 3938 ud
189 3884 375 3955 Euocionium,
397 3885 466 3940 vidit
481 3885 518 3938 ibi
532 3886 666 3956 angelum,
683 3887 771 3938 defixa
787 3885 815 3938 in
832 3889 926 3937 terrum
943 3885 1097 3954 romphoea,
1115 3883 1236 3938 stationis

134 3953 258 4007 indicium
281 3956 386 4021 facere3
415 3972 496 4026 quare
519 3955 577 4026 ipse
602 3971 706 4027 quoque
731 3955 769 4009 ibi
789 3953 924 4022 substitit,
949 3961 977 4008 et
1000 3954 1078 4008 finem
1102 3952 1235 4024 pomoerio

134 4024 237 4077 statuit.

238 4093 335 4147 Forum
363 4093 396 4146 ed
422 4093 595 4148 imitationem
618 4093 721 4147 Oceani
746 4092 869 4146 circulari
884 4095 966 4146 forme
984 4094 1160 4144 constructum
1177 4103 1237 4141 esse

136 4159 241 4230 quidem
266 4163 332 4217 lelso
356 4164 485 4220 referunt.
519 4181 608 4218 veram
635 4169 722 4218 eutem
745 4165 846 4217 formes
874 4164 930 4216 elus
955 4177 1059 4215 censum
1083 4173 1132 4208 nos
1157 4172 1237 4226 supra

136 4229 259 4352 diximus.
304 4232 398 4288 ibidem
429 4233 590 4305 horologium
620 4250 741 4300 seucum,
769 4233 870 4303 cyzico
898 4232 1054 4291 deductum,
1083 4224 1237 4279 collocutum

137 4315 205 4353 eru.
