2808 4616
165 201 240 276 144
502 193 721 265 GEORGIUS
747 193 934 262 GODlNUS

162 417 237 462 στον
259 386 390 474 άμβιονα
412 386 464 451 καί
486 387 540 452 τὸν
562 383 766 469 πολυτίμητον
789 382 906 450 σωλίον
922 384 974 449 καί
990 379 1043 448 τὸν
1059 387 1278 454 πολυποίκιλον

161 493 270 562 πάτον.
321 492 354 558 αἱ
371 489 405 556 δὲ
420 490 567 576 τέσσαρες
583 485 695 573 ἆψῖιλες
711 489 763 553 καὶ
780 487 809 552 oi
825 490 921 564 κίονες
936 484 1046 564 πάντες
1062 491 1113 552 καί
1127 489 1167 554 τὰ
1181 493 1277 557 λοιποὶ

163 603 315 683 κτίσματα
340 595 459 680 ἔμειναν
486 591 651 660 ἀσάλευτα.
702 588 768 658 to'
790 589 883 668 αὐτὸς
898 591 1045 674 βασιλεὺς
1059 593 1277 679 προσκαλεσά-

161 729 253 790 μενος
275 702 411 785 τεχνίτας
430 696 474 763 ἔτι
490 696 559 762 τότε
576 691 735 783 περιόντας
750 696 784 760 ds
801 701 863 762 τῶν
879 696 971 761 ἐκεῖσε
987 693 1164 777 καμνόντων
1181 699 1277 766 ἐπυν-

71 813 94 870 Ρ
112 811 146 870 72
162 807 276 876 &civero
300 806 332 870 τί
352 801 390 869 riv
413 801 458 886 είη
482 807 583 868 rodro-
636 799 665 866 ci
682 800 716 864 dd
732 795 815 864 είπον
836 795 1034 876 “οπουδοιίως
1050 799 1128 882 ἔχων
1143 798 1159 865 ὃ
1176 808 1302 884 βασι-5

160 911 231 988 istic
254 911 375 995 ίπαρεΐν
397 905 470 982 τοὺς
495 900 673 980 άντινάκτας
691 905 742 968 καί
760 901 817 981 τάς
831 899 1074 991 παντουριάσεις,
1100 903 1186 970 ἅτινα
1203 907 1276 972 ἔδέ-

158 1039 251 1104 χοντο
280 1011 333 1079 τὸν
358 1015 504 1096 τρσῦλον,
530 1006 669 1097 άπῄρασι
691 1014 790 1074 ταῦτα
812 1007 927 1092 ταχέως
944 1007 1022 1094 πρὸς
1038 1007 1073 1073 τὸ
1090 1015 1276 1090 μουσιῶσοιι.

161 1122 213 1186 καί
236 1115 283 1184 ὅτι
306 1113 322 1181 ὅ
346 1120 475 1203 τροῦλος
489 1111 612 1198 ὑψηλὸς
629 1112 742 1199 ἐγίνετο
759 1111 838 1177 πολὺ
855 1112 934 1198 πρὸς
949 1111 983 1177 τὸ
1002 1109 1140 1198 ὁρᾶσθαι
1154 1139 1276 1179 παντα-

158 1221 275 1309 χόθεν,
301 1221 352 1286 καί
374 1217 421 1285 ὅτι
445 1216 502 1295 τὰς
518 1213 685 1294 σκαλοίσεις
701 1213 861 1294 κόπτοντες
877 1215 907 1280 οἳ
923 1225 1054 1298 τεχνῖται
1071 1215 1215 1303 ἔρριπτον
1231 1222 1276 1295 είς

160 1326 198 1396 τὸ
225 1325 358 1413 ἔδαφος,
384 1323 435 1388 καί
461 1321 522 1386 ἀπὸ
549 1319 659 1388 τούτου
686 1319 790 1388 ἔντεσιν
815 1317 833 1385 ὅ
859 1319 1021 1410 τροῦλος.”
1076 1317 1158 1386 εἶπον
1185 1323 1220 1386 δέ
1243 1321 1315 1387 cilo

159 1439 293 1514 τεχνίται
317 1430 370 1492 *ίνα
394 1425 516 1512 γίνηται
542 1425 683 1502 ἐπίπεδος
706 1421 722 1490 ὃ
747 1430 876 1514 τροῦλος
892 1427 944 1489 καί
961 1425 1150 1508 κυμβαλικὸς
1166 1423 1274 1503 καθάς

160 1533 226 1602 ἔστι
251 1537 315 1600 νῦν.
366 1529 482 1614 ἔπεμψε
509 1529 544 1595 δὲ
567 1525 584 1596 ὃ
609 1527 755 1614 βασιλεὺς
781 1531 823 1607 είς
840 1529 897 1614 τὴν
910 1525 1034 1609 Ῥόδον,
1061 1529 1172 1606 καθὼς
1187 1527 1273 1596 καὶὸ
1377 1561 1378 1596 1

159 1644 248 1714 θεῖος
265 1637 360 1702 αὐτοῦ
367 1683 377 1715 ,
398 1637 449 1700 καί
466 1634 500 1698 ἔκ
516 1640 572 1700 τοῦ
588 1629 695 1722 πρώην
711 1639 812 1718 nutet
823 1635 874 1698 καί
886 1639 948 1698 τῶν
960 1635 1140 1720 σφραγίδων
1152 1635 1275 1717 ἐποίησε

161 1740 304 1828 βήσαλα,
330 1742 381 1804 καί
407 1738 505 1805 ἔκτισε
530 1737 583 1804 τὸν
607 1744 748 1827 τροῦλον.
799 1735 1015 1822 στοχαζόμενοι
1040 1739 1074 1803 δὲ
1097 1737 1126 1803 οἳ
1141 1747 1273 1820 τεχνῖται

121 1847 213 1913 Bura
238 1844 282 1930 μὴ
309 1846 360 1908 καί
386 1841 479 1920 αὐτὸς
494 1841 611 1926 ταχίως
622 1839 748 1930 χαλάσῃ
755 1889 767 1922 ,
791 1839 910 1926 ἔκοψαν
926 1843 959 1905 ἐκ
976 1847 1032 1906 τοῦ
1048 1837 1151 1928 πρώην
1164 1839 1270 1924 donce
1279 1849 1317 1904 15

162 1950 290 2039 ὀργυιάς
315 1943 360 2029 ιε’,
387 1947 492 2014 εἶἀσον
519 1947 554 2012 di
578 1945 619 2014 τὰ
644 1943 740 2025 ξάλο,
764 1945 837 2024 τοὺς
859 1941 1038 2022 άντινάκτας
1054 1946 1107 2010 καί
1122 1942 1178 2020 τὰς
1192 1969 1273 2010 παν-

160 2049 343 2141 τουράσεις,
372 2048 486 2138 χρόνον
512 2051 582 2132 ἕνα,
615 2050 674 2128 ἔως
699 2050 808 2134 ἔλαβεν
832 2048 868 2116 τὸ
896 2047 984 2136 ἔργον
1011 2053 1111 2132 πῆξιν.
1160 2046 1213 2114 τὸν
1240 2049 1276 2113 δὲ

162 2156 295 2240 άμβωνα
314 2154 436 2220 καὶτὸν
453 2153 570 2221 σωλέαν
585 2151 631 2239 μὴ
650 2151 818 2240 δυνάμενος
834 2160 960 2238 ποιῆσαι
977 2152 1084 2230 καθὼς
1100 2144 1180 2237 ἦσαν
1198 2148 1276 2240 πρά-
1378 2135 1379 2148 ¹

161 2281 266 2345 τερον,
293 2257 429 2337 ἐποίησεν
453 2253 495 2330 ὥς
518 2253 628 2339 ὁρᾶται
653 2265 707 2322 νῦν
731 2258 963 2345 ἆργνρίνιίντον.
1013 2253 1124 2340 ὁμοίως
1146 2256 1275 2322 καὶτὸν

160 2359 304 2445 άμβωνα.
355 2358 407 2422 καὶ
429 2354 475 2440 μὴ
498 2351 665 2440 δυνάμενος
682 2353 778 2444 εὖρεΐν
794 2363 1028 2436 πολυποικίλονς
1043 2363 1171 2438 λίθους,
1197 2359 1316 2432 datam

161 2470 258 2531 στειλε
284 2465 416 2550 Ναροῆν
438 2457 492 2524 τὸν
513 2462 672 2546 ποτρίκιον
691 2463 724 2526 ἓν
741 2459 967 2551 Προκοννήσῳ,
994 2463 1045 2528 καὶ
1063 2461 1179 2546 ἔιιοιμαν
1196 2465 1276 2529 ἐκεῖ·

162 2573 222 2636 θεν
245 2564 398 2654 μάρμαρον
421 2569 477 2648 τῆς
498 2568 555 2650 γῆς
576 2561 679 2647 ὅμοια.
729 2563 769 2630 τά
787 2565 821 2632 δὲ
837 2561 972 2655 πράοινα
987 2567 1121 2656 τέσσαρα
1136 2563 1277 2650 ποτάμια

154 2769 157 2773 ·
230 2747 250 2805 6
267 2739 333 2808 roric
348 2737 531 2885 άντινάκταηγ
549 2737 586 2797 τοί
602 2738 699 2808 ξιίλινα
715 2744 887 2814 στηρίγματα
903 2745 964 2800 eod.
976 2745 1070 2801 Lamb.
1157 2737 1275 2818 ’ίίπῇρ-

231 2817 318 2872 nocti
405 2816 511 2884 11ιινμ
531 2810 642 2882 assde]
662 2809 866 2887 τνμποινοειιλὴς
882 2815 941 2870 cod.
959 2815 1054 2872 Lamb.
1079 2895 1083 2902 .

162 2973 298 3030 ambonem
314 2985 372 3024 cum
386 2969 501 3042 pretioso
519 2970 585 3024 solio
603 2977 631 3024 et
645 2970 821 3042 perimentum
839 2971 1006 3042 variegatam
1021 2971 1161 3026 contrivit.
1196 2973 1273 3042 quat·

162 3051 226 3098 tuor
255 3045 343 3094 eutem
368 3041 498 3109 fornices,
532 3057 621 3094 omues
652 3041 788 3096 columnae
811 3046 841 3094 et
866 3046 1017 3096 structurae
1039 3043 1158 3114 reliquus
1181 3041 1273 3095 salves

162 3112 312 3166 manebant.
346 3126 430 3180 quare
454 3109 612 3182 imperator,
645 3109 737 3164 accitis
760 3110 913 3164 architectis
936 3112 982 3181 qui
1005 3113 1092 3166 adhuc
1115 3111 1273 3183 superstites

162 3186 255 3248 eraut,
278 3179 466 3233 sciscitabatur
487 3180 551 3249 quid
573 3179 626 3232 hoo
648 3180 690 3233 rei
711 3185 793 3234 esset.
828 3181 1022 3251 responderunt
1037 3182 1089 3248 ilii,
1115 3199 1174 3235 cum
1190 3181 1272 3250 impe-
1379 3221 1380 3224 ι

161 3257 237 3304 rator
262 3249 359 3303 obnixe
384 3255 494 3318 urgeret
516 3254 548 3302 ut
569 3249 691 3304 destinae
713 3256 743 3304 et
763 3249 916 3304 fulcimenta
938 3268 1007 3321 quae
1029 3252 1136 3305 trullum
1159 3250 1273 3304 sustine·

162 3323 229 3374 bont
245 3320 415 3387 tollerentur,
433 3317 513 3371 citius
530 3335 607 3389 quum
624 3335 674 3390 pur
691 3325 750 3374 erat
765 3321 871 3374 subluto
887 3322 996 3374 fuerunt
1010 3320 1044 3374 ad
1061 3321 1190 3375 musivum
1206 3335 1273 3389 opus

160 3389 364 3462 perficiendums
390 3397 446 3443 tum
471 3387 542 3457 quod
565 3387 645 3442 trulla
667 3388 746 3444 altior
770 3396 843 3443 osset
867 3405 944 3460 quam
968 3397 999 3444 ut
1020 3391 1136 3460 undique
1154 3387 1273 3510 cousffici

159 3463 271 3531 posset,
291 3459 414 3530 quodque
431 3457 550 3512 artifices
567 3457 652 3512 scalas
667 3458 696 3512 iu
712 3465 811 3514 terram
845 3461 1016 3524 roiecisseut3
1036 3459 1152 3531 indeque
1168 3464 1212 3512 tru
1233 3475 1274 3512 am

162 3528 304 3583 corruisse.
338 3527 485 3582 suadebant
501 3533 587 3581 uotam
604 3528 711 3599 opifices
727 3534 759 3583 ut
869 3528 948 3599 plane
961 3536 1069 3583 etcuvo
1082 3535 1274 3594 exstrueretur,

162 3599 232 3651 sicut
253 3615 322 3651 nuuc
344 3598 451 3653 visitur.
485 3595 628 3668 imperator
643 3615 724 3666 vcro,
748 3599 964 3669 quemadmodum
982 3600 1128 3653 avunculus
1146 3599 1219 3664 eius,
1245 3598 1274 3650 in

161 3668 284 3722 Rhodum
307 3667 391 3737 misit,
417 3675 447 3721 et
472 3684 506 3722 ex
530 3667 621 3722 eodem
644 3668 688 3722 iilo
711 3669 767 3723 luto
791 3669 888 3723 luteres
912 3669 1002 3722 eodem
1025 3669 1111 3738 sigillo
1133 3667 1275 3738 impressos

160 3737 223 3791 fieri
247 3737 364 3804 curavit,
391 3737 548 3809 trullsmque
570 3737 699 3792 condidit.
735 3737 845 3810 opifices
869 3755 933 3793 vero
956 3755 1063 3810 operam
1082 3737 1177 3791 dentes
1194 3755 1228 3790 ue
1246 3742 1274 3790 et

112 3846 114 3852 ,
161 3807 207 3861 illa
230 3807 282 3861 cito
307 3813 459 3876 corruerat,
484 3808 600 3880 priorem
623 3807 787 3862 altitudinem
804 3809 839 3862 ad
856 3825 953 3878 orgyas
970 3808 1121 3878 quindecim
1138 3805 1276 3879 praecide·

160 3882 241 3940 runt3
268 3877 370 3948 ligneas
396 3885 483 3932 autam
507 3878 719 3932 substructiones
738 3885 766 3932 et
780 3878 933 3932 fulcimenta
951 3893 1046 3932 aunum
1061 3877 1196 3947 integrum
1211 3875 1275 3928 reli-

161 3953 289 4030 querunt,
316 3945 400 3999 donec
421 3947 519 4001 firmius
541 3965 608 4018 opus
630 3947 849 4003 consolidaretur.
883 3953 1015 4002 coeterum
1032 3948 1168 4000 ambonem
1184 3949 1213 3997 et
1230 3962 1274 3998 sc-

80 4057 83 4064 .
159 4014 237 4083 hum,
263 4033 321 4070 eum
338 4033 389 4068 nou
406 4021 498 4086 posset
515 4015 543 4069 iu
560 4017 698 4100 pristinam
714 4019 825 4072 formem
841 4017 999 4086 restituere,
1023 4023 1136 4086 urgento
1153 4014 1275 4083 obduxit,

161 4089 193 4135 ut
217 4103 286 4140 nuno
309 4085 407 4140 videre
425 4091 484 4150 est3
511 4085 633 4139 simfliter
655 4087 734 4142 etiam
756 4087 898 4142 ambonem.
933 4104 991 4140 eum
1015 4103 1080 4140 vero
1105 4103 1159 4140 non
1182 4093 1276 4155 posset

162 4154 315 4238 ruricgatcs
339 4155 442 4226 lapides
466 4155 603 4224 iuvenire,
630 4155 740 4210 Marses
764 4157 905 4228 patricium
927 4155 956 4210 iu
977 4155 1174 4209 Proconnesum
1191 4155 1274 4221 misit,

162 4225 195 4274 ut
217 4221 291 4280 illunc
313 4225 416 4300 lapides
435 4230 525 4282 terrae
542 4223 630 4281 colors
647 4225 746 4282 similes
762 4225 918 4282 adveheret.
954 4231 1082 4296 quattuor
1100 4232 1189 4281 anum
1206 4225 1274 4280 Prs-
