2808 4616
460 258 533 326 DE
555 254 783 326 AEDIFIGIIS
809 257 872 326 GP.
1149 257 1224 332 121

221 447 269 516 ‘H
282 443 371 540 χιάρα
392 448 584 535 πρῶτονμὲν
600 443 758 533 εάκτήριον
773 439 828 532 ήν,
853 440 993 534 Πρίσκος
1009 446 1042 512 δέ
1059 441 1075 512 ὅ
1094 441 1227 536 ἐπαρχος

126 555 177 622 καί
202 553 339 641 γαμβρὸς
367 556 464 617 Φωκιῖ
488 559 544 619 τοῦ
569 550 719 640 τυράννου
745 553 951 639 περιορισθείς
976 550 1040 616 ἐκεῖ
1061 552 1146 639 παρά
1172 560 1228 620 τοῦ

126 661 204 725 ἰδίου
228 657 322 723 ἐκτισε
346 653 459 740 ταύτην
484 655 581 740 μονήν
604 660 647 732 εἷς
669 654 780 732 κάλλος
797 659 846 720 καλ
864 655 1010 741 μέγεθος,
1036 654 1229 741 ἀποχαρισά-

126 787 214 846 μενος
237 763 286 826 καί
306 758 446 843 κτήματα
463 757 571 824 πολλά.
622 758 738 844 ἐκλήθη
756 759 790 824 δέ
804 757 910 846 χώρα,
937 756 1014 825 διότι
1030 765 1090 826 τῶν
1108 763 1229 839 Βυζαν-

102 867 198 938 octor
220 865 333 951 χωρίον
356 856 394 947 ἦν
419 867 495 943 ἐκεῖ,
521 862 608 928 καθά
633 866 683 928 καὶ
708 861 727 946 ή
754 869 808 929 τοῦ
834 864 980 928 Σπουδίου
1005 864 1083 949 μονή
1101 862 1159 942 ἐξω
1176 869 1231 949 τῆς

122 966 238 1045 πόλεως
253 964 403 1053 ὑπῆρχεν,
429 963 516 1048 καλή
533 967 612 1050 μονή
630 973 685 1032 τοῦ
702 963 937 1054 Ξηροκεράιιου.

222 1069 261 1137 Ὁ
287 1069 372 1156 ἀγιος
398 1070 521 1153 Μάγιας
545 1073 670 1155 ἐκτίσθη
696 1072 781 1158 παρά
808 1079 863 1155 τής
890 1072 1024 1159 ἀδελφῆς
1051 1069 1230 1156 Μαυρικίου

122 1183 181 1242 τοῦ
206 1175 372 1258 βασιλέως·
398 1173 559 1260 μετὰ-γὰρ
586 1176 621 1240 τδ
647 1175 846 1260 ἀναιρεθῆναι
868 1174 953 1263 παρὰ
976 1180 1032 1241 τοῦ
1057 1179 1153 1240 Φωκά
1176 1175 1271 1245 τδνλλ

124 1282 305 1366 Μαυρίκιον
330 1277 395 1362 ἅμα
419 1288 483 1355 τοῖς
505 1279 619 1354 τέκνοις
640 1279 733 1344 αὐτοῦ
758 1285 897 1361 λαβοῦσα
921 1278 960 1343 τά
984 1275 1113 1360 σώματα
1131 1277 1232 1344 αὐτῶν

82 1397 118 1454 10
125 1384 274 1450 κατέθετο
298 1383 401 1446 ἐκεῖσε.
452 1379 472 1464 ἡ
490 1383 522 1446 δέ
539 1379 671 1463 σάμβιος
688 1385 865 1468 Μαυρικίου
883 1381 959 1463 μετά
977 1389 1037 1447 τῶν
1054 1384 1234 1468 θυγατέρων

125 1487 225 1572 αάτής
241 1488 418 1574 ἐφρουρεῖτο
435 1485 520 1571 παρὰ
537 1492 597 1549 τῶν
613 1492 669 1550 τοῦ
688 1489 784 1550 Φωκοῑ
801 1488 831 1552 ἐν
849 1492 886 1571 τῇ
904 1485 956 1574 νέη
971 1485 1140 1570 καλουμένῃ
1155 1491 1234 1571 μονῇ

125 1589 207 1677 πρὸς
232 1589 331 1674 ὀλίγον
355 1588 423 1654 τινά
447 1585 563 1674 καιρόν.
613 1586 740 1674 ἀστερον
766 1589 798 1653 δέ
821 1588 957 1674 ἀνηρέθη
976 1587 1051 1673 παρ’
1072 1587 1167 1653 αὐτοῦ
1184 1590 1236 1652 καλ

126 1693 207 1778 αάτή
226 1692 276 1758 διά
294 1695 400 1780 ’ξίφους
418 1693 649 1776 ἀποτμηθεῖσα,
667 1695 717 1756 καὶ
734 1699 820 1759 πάσα
836 1688 856 1776 ή
874 1692 1027 1777 συγγένεια
1044 1693 1236 1780 Μαυρικίου,

127 1800 181 1863 καὶ
197 1801 236 1886 τῇ
251 1794 396 1882 θαλάσση
414 1799 593 1884 ἐρρίφησαν.
1237 1853 1240 1856 .

84 1915 121 1969 15
234 1901 302 1982 Τήν
327 1899 423 1984 μονήν
446 1907 500 1983 τῆς
524 1896 610 1984 ἀγίας
626 1897 793 1986 Εὗφημίοις
809 1897 859 1962 καλ
876 1894 948 1974 τοδς
963 1893 1080 1983 τάφους
1097 1892 1168 1971 τοδς
1185 1891 1237 1960 ἀν-

128 2027 186 2080 τας
212 2003 243 2068 ἐν
267 1997 310 2092 τῷ
335 2004 458 2090 Πετρίῳ
486 2006 536 2066 καλ
560 2002 595 2068 τδ
619 2001 747 2088 λουτρὸν
770 1996 967 2076 Βασίλειος“ὃ
985 1999 1144 2066 Μακεδὼν
1161 1993 1238 2084 ἀνή-

128 2129 228 2193 γειρε,
253 2107 305 2170 καὶ
321 2104 377 2182 τάς
393 2105 569 2194 θυγατέρας
586 2106 679 2194 αὐτοῦ
697 2106 790 2172 ἐκεῖσε
807 2104 955 2192 ἀπέκειρε.

203 2339 220 2391 1
246 2353 274 2406 p.
299 2333 334 2388 54
358 2335 444 2390 Band.
565 2335 689 2402 Κρίσπος
713 2336 747 2390 C.
870 2337 888 2390 2
912 2331 1013 2403 Φωκά]
1039 2331 1092 2388 τοῦ
1115 2329 1238 2388 Komoi-

205 2405 291 2466 δοκος
306 2404 355 2460 κοιλ
372 2401 498 2473 ἀπηνοῦς
514 2405 599 2458 Φωκά
616 2406 650 2460 C.
753 2403 925 2473 περιωρίσθη
943 2399 1044 2468 ἐκεῖσε,
1062 2397 1106 2456 ὅτι
1122 2398 1153 2457 έν
1166 2400 1239 2456 ἀπο·

202 2470 285 2541 λήψει
308 2470 403 2542 γέγονε
426 2475 477 2526 τοῦ
498 2470 663 2542 Ἡρακλείου
688 2471 742 2527 τοῦ
765 2471 907 2543 βασιλέως.
943 2471 990 2525 καὶ
1014 2471 1066 2540 γάρ
1090 2471 1137 2524 καὶ
1160 2470 1239 2542 αὐτῷ
1318 2467 1323 2481 '

201 2539 389 2612 συγκροτήσας
411 2537 427 2594 δ
452 2538 537 2605 οιάτδς
553 2542 691 2610 Κρίσπος,
717 2539 766 2595 καλ
787 2542 928 2610 κρατήσας
950 2537 998 2594 διδ
1022 2544 1071 2608 τῆς
1094 2537 1239 2609 θαλάσσης

202 2608 451 2746 {diffiido
467 2608 758 2745 ίίίίίόλεῖἶίχέἷέέ
777 2613 877 2742 gift
900 2608 1143 2740 ‹tdttttssttw
1161 2611 1240 2731 {tt}
1300 2671 1305 2682 ¹

204 2700 435 2816 οάτωςγ““ἀθάιε,
464 2743 591 2819 γαμβρὸν
620 2745 672 2802 οάκ
701 2699 847 2817 ἐποάήσοις,
879 2699 1010 2808 καλρποός
1033 2699 1137 2818 ἀληθρήη
1156 2730 1240 2815 φίλον

204 2813 366 2886 ποιήσειςς”
395 2813 443 2870 out
467 2819 556 2871 ταῦτα
582 2808 633 2872 οὖν
656 2812 741 2872 ἐκεῖσε
765 2815 953 2886 περιορισθελς
974 2817 1007 2868 C.
1130 2813 1241 2884 ὃχώρα

205 2885 275 2972 ch.
429 2884 478 2938 καὶ
509 2882 545 2940 coi
576 2885 717 2942 Σπουδίου
746 2887 848 2956 χωρίον
879 2885 926 2940 καλ
958 2879 1026 2939 oded
1051 2879 1175 2953 ἀπήρχεν
1205 2886 1240 2938 0.

206 2955 224 3010 6
241 2973 260 3023 η
279 2948 351 3023 μονή
367 2955 420 3008 τοῦ
434 2954 530 3023 ξηροκ.
549 2951 564 3008 δ
585 2952 663 3044 ἅγιος
679 2953 772 3026 μοίρας
787 2973 839 3010 uno
856 2962 948 3009 tenorc
965 2956 1029 3013 Vat.
1124 2953 1141 3009 7
1158 2973 1186 3025 p.
1205 2953 1241 3006 54

206 3025 293 3078 Band.
431 3021 446 3076 δ
475 3019 571 3112 ἅγιος]
601 3046 620 3095 η
652 3021 684 3079 dd
712 3021 784 3094 μονή
813 3022 831 3092 ή
862 3021 1025 3094 ξυλόκερκος
1051 3019 1067 3076 δ
1097 3016 1177 3090 ἀγιος
1206 3024 1240 3076 0.

101 3123 108 3136 ·
205 3087 319 3221 ῗὸηιηρά
333 3092 387 3218 god
405 3093 456 3164 Φ.]
481 3093 522 3157 είς
539 3113 591 3149 τον
607 3089 757 3165 εάτροπίσυ
775 3090 873 3165 λιμένα
890 3093 923 3150 C.
1063 3094 1097 3148 15
1114 3111 1142 3165 p.
1159 3091 1194 3150 39
1212 3095 1242 3146 et

298 3181 360 3218 an.

240 3369 430 3426 Monasterium
456 3371 561 3426 Choma
585 3371 658 3443 prius
682 3371 824 3428 oratorium
844 3376 912 3426 erat.
946 3375 1084 3442 postquam
1100 3386 1166 3425 vero
1182 3366 1243 3424 Pri-

137 3457 197 3495 ocus
214 3442 367 3511 praefectus
384 3449 413 3495 et
429 3461 511 3512 gener
527 3443 631 3495 Phocoe
647 3445 754 3510 tyranni
772 3461 803 3496 eo
819 3444 954 3514 relegatus
972 3443 1036 3508 suit,
1060 3459 1109 3496 sua
1125 3443 1244 3511 impensa

138 3527 259 3580 magnum
277 3517 306 3564 et
322 3511 455 3581 pulchrum
472 3511 653 3565 monasterium
672 3511 727 3566 eiua
744 3513 801 3566 loco
819 3512 963 3578 exstruxit,
980 3513 1127 3580 multaeque
1140 3525 1245 3580 possea-

139 3579 227 3634 uiones
254 3580 279 3634 ei
292 3579 416 3650 ¹largitus
441 3591 492 3636 est.
532 3581 730 3650 cognominatur
755 3589 842 3636 autem
865 3583 913 3635 hoc
936 3581 1119 3635 monasterium
1145 3581 1244 3646 Chora,

140 3651 210 3716 qood
226 3649 266 3702 ihi
284 3649 343 3702 olim
360 3668 425 3719 ager
441 3667 489 3706 seu
506 3651 642 3721 praedium
658 3657 743 3717 essot3
763 3651 976 3721 quemadmodum
992 3651 1071 3706 etiam
1086 3648 1245 3705 monasteria

139 3717 230 3771 Studii
247 3725 275 3771 et
293 3717 464 3774 Xerocerami
480 3728 557 3774 extra
574 3722 664 3773 urbem
682 3721 734 3773 sita
751 3729 835 3775 erant.

242 3789 379 3858 Templum
404 3789 434 3843 S.
459 3791 601 3844 Mamentis
624 3789 742 3842 condidit
758 3807 834 3844 soror
849 3789 970 3844 Mauricii
985 3788 1163 3860 imperatoris.
1196 3785 1244 3838 illa

140 3854 223 3924 euim,
248 3857 378 3912 Mauricio
405 3867 433 3912 et
455 3859 544 3914 liberis
570 3860 626 3912 cius
653 3877 669 3912 a
691 3860 782 3912 Phoco
806 3866 921 3929 tyranno
943 3860 1107 3926 interfectio,
1133 3869 1245 3924 corpora

140 3942 230 3978 eorum
254 3927 361 3996 collegit
384 3933 465 3997 atquc
487 3929 527 3982 ibi
550 3929 683 4000 deposuit.
719 3935 851 3984 caeterum
876 3947 944 3984 uxor
966 3929 1089 3982 Mauricii
1110 3943 1167 3980 cum
1188 3922 1245 3976 cuia

140 3993 246 4048 filiabus
268 3996 380 4065 primum
399 3998 503 4067 quidem
520 4016 536 4052 a
553 3999 643 4051 Phoca
662 3999 850 4068 aliquantutum
866 3999 894 4052 in
912 4000 1068 4052 monasterio
1085 3998 1155 4050 dicto
1172 4007 1244 4046 novo

141 4061 241 4116 inclusa
263 4066 327 4119 fuit.
361 4075 457 4136 postea
479 4075 565 4122 autem
584 4069 688 4138 etipsa
704 4079 734 4122 et
750 4069 875 4124 universa
892 4069 1018 4123 Mauricii
1033 4065 1154 4136 cognatio
1170 4064 1244 4116 ferro

142 4131 178 4184 ab
197 4149 229 4184 eo
245 4133 404 4207 interempta
420 4144 463 4192 est
479 4139 551 4192 etin
568 4155 639 4192 mare
653 4139 783 4209 proiecta.

195 4267 222 4284 ..
245 4202 435 4260 Monaotcrium
458 4208 490 4260 S.
513 4207 676 4280 Euphemiaa
701 4214 730 4262 et
754 4209 891 4280 sepulcra,
916 4223 985 4278 quac
1009 4207 1071 4258 aunt
1090 4201 1119 4255 io
1141 4197 1243 4269 Patrio,

140 4269 255 4326 Bonum
273 4271 386 4330 Macedo
401 4277 534 4348 condidit,
555 4284 585 4334 et
600 4278 670 4334 filias
686 4295 748 4336 suaa
764 4279 861 4336 ibidem
877 4275 1001 4334 attondit.
