2802 4636
453 293 513 360 DE
538 291 765 360 AEDIFIGIIS
793 294 854 360 ΟΡ.
953 289 955 294 ’
1155 301 1205 372 79

99 477 313 564 ἐπιλεξομένου
339 480 390 544 καί
414 479 447 545 ἐκ
469 485 530 546 τῶν
552 487 684 548 πολιτῶν
696 479 842 566 χιλιάδας
859 476 893 560 ἐξ
910 485 952 560 εἷς
969 481 1091 566 όψίκιον
1108 488 1150 564 εἲς
1166 487 1206 553 τά

98 584 253 674 πρόκενσα
286 575 415 649 citou(
442 582 564 652 ἐκάλεσε
588 587 622 652 δέ
646 586 758 665 αὗτοδς
780 584 1014 675 Ἀρκαδιανοός·
1038 586 1119 654 πάνυ
1145 591 1205 680 γὰρ

99 691 196 777 ἐφίλει
214 687 291 754 αὐτοὶ
308 690 358 752 καὶ
374 687 535 776 ηὗεργέτει.

167 795 172 806 ’
208 793 246 858 Oi
269 792 302 856 δέ
324 790 480 877 λεγόμενοι
498 791 598 859 Τόποι
616 792 645 857 oi
661 791 788 876 πλησίον
804 798 858 856 τοῦ
877 788 962 876 ἆγίου
980 791 1135 883 Λαζάρου
1152 797 1204 864 διὰ
1221 817 1243 871 Ρ
1260 818 1294 872 41

72 902 189 962 ὀτοῦτο
215 892 391 978 ἐκλήθησαν
415 895 521 972 οὕτως.
573 893 662 961 ὁπότε
687 895 833 979 ἐπανέστη
850 898 1038 975 Βασιλίσκος
1055 900 1207 986 δρουγγά-

98 1025 165 1086 ριος
187 1001 239 1062 καὶ
258 1001 414 1086 πατρίκιος
430 998 553 1084 Ζήνωνι
570 1007 614 1088 τῷ
629 1005 768 1081 βασιλεῖ,
796 1001 926 1088 δευτέρῳ
945 999 1002 1066 έτει
1019 1006 1070 1067 καὶ
1088 1003 1205 1094 δεκάτῳ

95 1110 153 1186 τής
181 1104 340 1185 βασιλείας
371 1103 465 1168 αὐτοῦ
488 1105 576 1186 μηνί,
613 1106 664 1168 καὶ
692 1105 813 1180 ἐδίωξεν
839 1101 947 1184 αὐτόν,
980 1108 1031 1170 καὶ
1059 1106 1205 1194 ἐκράτησε

93 1208 285 1282 Βοσιλίσκος
310 1211 365 1290 τῆς
391 1209 549 1289 βασιλείας
575 1203 625 1290 ἐτη
654 1205 720 1273 δύο.
769 1204 967 1294 ὑποστρέψας
994 1210 1027 1274 δέ
1054 1209 1070 1276 δ
1097 1211 1206 1296 Ζήνων

92 1309 176 1392 μετὰ
193 1311 370 1386 δυναστείας
387 1311 599 1396 στρατοπέδων
618 1309 678 1375 ἀπὸ
697 1316 752 1394 τής
768 1309 902 1396 μεγάλης
912 1313 1095 1396 Ἀντιοχείας
1110 1309 1206 1400 ήλθεν

52 1419 86 1474 10
92 1413 178 1497 μετὰ
200 1419 338 1500 ταραχής
362 1414 393 1478 ἐν
417 1419 456 1500 τῇ
480 1411 575 1477 πόλει.
625 1419 681 1478 τοῦ
699 1415 732 1478 δὲ
750 1410 914 1498 Ἀρματίου
931 1417 985 1480 τὸν
1003 1419 1133 1504 στρατὸν
1150 1428 1205 1486 τοῦ

91 1519 288 1582 Βασιλίσκου
311 1513 527 1600 προδώσοντας
549 1521 594 1604 τῷ
616 1514 752 1600 Ζήνωνι,
780 1516 872 1604 ἔφυγε
893 1522 1079 1597 Βασιλίσκος
1096 1523 1152 1588 σδν
1168 1531 1206 1609 τῇ

91 1623 217 1706 γυναικὶ
233 1622 285 1686 καὶ
301 1629 365 1697 τοῖς
381 1621 495 1698 τέκνοις
512 1619 606 1685 αὐτοῦ
625 1624 667 1698 είς
680 1621 736 1704 τήν
749 1619 837 1705 άγιάν
849 1619 983 1709 Εἰρήνην
995 1624 1050 1708 τήν
1062 1623 1206 1692 παλαιάν.

93 1722 112 1790 ὅ
134 1725 168 1790 δέ
184 1722 295 1808 Ζήνων
312 1723 421 1812 ὥρισεν
438 1727 531 1792 ἐκεῖσε
548 1725 691 1810 γενέσθαι
708 1723 821 1800 τόπους
833 1729 994 1813 κριτηρίων
1007 1731 1058 1792 καὶ
1073 1727 1207 1817 θράνους

93 1835 152 1893 τοῦ
180 1828 331 1917 ἱερατικοῦ
357 1827 527 1914 καταλόγου
552 1832 603 1894 καὶ
629 1835 685 1912 τής
708 1826 895 1912 συγκλήτου,
921 1832 972 1893 καὶ
989 1833 1244 1904 καθεσθέντωνΒ

51 1939 86 1991 15
96 1933 191 1997 ἐκεῖσε
218 1930 340 1997 πάντων
365 1931 491 1998 ἐνώπιον
507 1934 684 1998 κατεδίκασε
701 1931 754 1997 τὸν
770 1934 974 2012 Βασιλίσκον,
1000 1937 1050 1998 καὶ
1067 1932 1208 2020 ἐξώρισεν

95 2034 191 2100 αότδν
220 2039 263 2112 είς
288 2037 416 2118 Λίμνος
424 2083 434 2113 ,
464 2033 573 2120 χώραν
600 2037 842 2113 Καππαδοκίας,
877 2034 995 2102 ἐσωθεν
1019 2040 1207 2104 καστελλίου.

93 2143 152 2220 τῆς
176 2139 210 2201 δέ
230 2135 335 2222 θόρας
352 2139 539 2224 σψρυγείσης
556 2137 616 2202 ἀπὸ
634 2144 726 2220 λιμοῦ
741 2142 792 2204 καὶ
811 2141 906 2222 δίψης
923 2141 1046 2217 ἐξέλιπε.
1097 2141 1206 2208 τοότου

90 2238 187 2324 χάριν
212 2239 389 2322 ἐκλήθησαν
416 2237 532 2319 Τόποι,
566 2239 617 2304 διά
644 2241 717 2317 τοὺς
742 2243 953 2318 καθεσθέντος
976 2246 1068 2310 ἐκεῖσε
1091 2245 1205 2332 κριτάς.

95 2343 234 2429 έψθανον
257 2343 290 2406 δέ
313 2346 406 2409 ἐκεῖσε
420 2342 461 2408 τά
478 2346 629 2426 κτίσματα
646 2350 706 2409 τῶν
723 2347 880 2432 τρικλίνων
896 2346 982 2434 παρὰ
998 2354 1054 2412 τοῦ
1070 2347 1204 2435 μεγάλου

53 2447 330 2513 2οΚωνσταντίνου
346 2449 519 2512 κτισθέντα.

165 2627 181 2677 1
207 2620 423 2694 ἐπιλεξαμένου]
448 2613 530 2686 οὗτος
547 2619 600 2692 γάρ
618 2617 814 2692 ἐπιλεξάμενος
830 2618 860 2676 ἐκ
877 2642 903 2677 τ.
923 2640 954 2676 π.
972 2643 998 2693 γ.
1016 2621 1048 2692 ἐξ
1065 2621 1137 2696 εἶχεν
1155 2626 1205 2682 αὖ·

164 2689 232 2756 τοδς
254 2689 439 2760 δψικεόοντας
457 2692 498 2756 εἰς
513 2691 653 2761 πρόκενσα
670 2688 758 2760 ήγουν
775 2688 810 2745 τά
828 2691 1024 2761 μεταστάσιμα.
1054 2697 1123 2768 Reg.
1141 2701 1204 2753 Vat.

164 2765 187 2847 4,
199 2784 226 2834 p.
244 2765 278 2848 2ιὸ
296 2765 380 2819 Band.
466 2760 553 2815 8δδο
568 2756 761 2848 ήμισολλερ.,
828 2761 984 2830 9στρατοῦ
999 2767 1032 2818 C.
1109 2758 1205 2852 Ιήλθειι

166 2833 438 2962 lilllllliilm
455 2831 844 2968 naiislllillllllle‘l:
937 2833 1203 2976 ¹ii⁰iiiiii⁹iiigl

167 2965 292 3038 ἔσωθεν]
318 2966 532 3031 ἀποκλείσαντες
549 2965 655 3022 ἔσωθεν
673 2971 724 3022 τοῦ
741 2965 849 3035 πύργου
869 2968 938 3038 Reg.
1019 2979 1021 2986 ’
1061 2973 1095 3027 17
1118 2973 1205 3042 δίψης

167 3035 217 3092 καὶ
234 3033 341 3107 ψόγους
358 3034 525 3103 παρέδωκαν
542 3033 593 3101 τάς
610 3031 717 3092 ἑαυτῶν
733 3035 827 3108 ψυχάς
847 3038 880 3092 C.
1003 3041 1037 3096 19
1055 3037 1203 3116 ἔφθανον]

167 3107 268 3175 διῆκον
285 3102 318 3160 δὲ
337 3103 390 3169 ἕως
403 3104 488 3160 ἐκεῖσε
505 3108 573 3176 Reg.

95 3260 189 3328 callio,
214 3259 260 3329 qui
277 3277 325 3313 sex
342 3260 413 3312 milia
431 3259 527 3312 civium
547 3259 597 3312 sibi
614 3259 647 3312 ad
664 3259 840 3330 processionis
859 3263 1012 3332 obsequium
1032 3265 1127 3334 elegit,
1146 3283 1204 3318 eos-

96 3349 148 3402 que
171 3329 280 3382 vocavit
295 3331 472 3384 Arcadianos=
498 3345 595 3382 summo
614 3331 680 3383 enim
698 3349 786 3384 amore
803 3341 830 3384 ct
847 3333 1022 3386 beneficentia
1038 3335 1097 3387 illos
1114 3352 1204 3404 prose-

96 3402 237 3470 quebatur.

201 3468 273 3538 Topi
296 3485 380 3538 prope
405 3469 436 3520 S.
462 3467 592 3520 Lazarum
614 3473 757 3537 propterea
779 3469 819 3521 ila
843 3470 932 3522 vocali
953 3477 1023 3522 sunt.
1057 3471 1204 3526 Basiliscus

97 3539 255 3606 drungarius
274 3546 300 3589 et
315 3537 443 3606 patricius
461 3537 606 3590 insurrexit
622 3539 751 3591 adversus
762 3539 896 3592 Zenonem
907 3539 1092 3608 imperatorem
1103 3542 1204 3595 decimo

96 3625 185 3660 mense
201 3613 264 3678 post
277 3608 420 3660 seeundum
435 3607 542 3677 imperii
557 3608 614 3660 eius
627 3625 735 3676 annum,
753 3614 782 3660 et
792 3609 899 3678 fugavit
909 3608 1007 3678 ipsum,
1026 3609 1133 3682 eiusque
1145 3613 1205 3666 loco

96 3677 162 3729 duos
182 3693 263 3730 annos
281 3677 392 3746 imperio
409 3677 535 3746 praefuit.
570 3677 612 3730 his
630 3678 730 3730 exactis
751 3677 822 3730 Zeno
841 3695 897 3731 cum
916 3679 1017 3747 potenti
1035 3683 1153 3735 exercitu
1172 3699 1205 3735 ex

96 3748 165 3798 urbe
188 3746 328 3800 Antiochia
352 3746 432 3800 rediit
457 3746 569 3817 Cpolim.
605 3747 747 3800 Basiliscus
772 3755 872 3812 autem,
900 3749 945 3800 ubi
967 3749 1129 3804 Harmatium
1146 3769 1203 3804 cum

96 3815 215 3868 omnibus
239 3815 294 3868 suis
319 3815 404 3900 copiis
429 3817 462 3868 ad
487 3815 619 3869 Zenonem
643 3815 800 3870 transivisse
827 3819 965 3885 cognovit,
994 3821 1119 3874 continuo
1146 3837 1202 3872 cum

96 3902 179 3940 uxore
198 3891 225 3940 et
241 3885 333 3938 liberis
350 3904 378 3938 m
395 3884 531 3938 ecclesiam
549 3886 680 3956 antiquam
701 3886 731 3938 S.
748 3886 843 3939 Irenae
860 3889 988 3956 confugit.
1024 3907 1105 3958 quare
1128 3889 1202 3940 Zeno

95 3954 135 4008 ibi
159 3956 265 4008 curavit
288 3955 349 4008 lieri
372 3956 429 4008 loca
451 3955 590 4008 iudiciaria
611 3961 640 4008 et
662 3955 738 4008 sedes
756 3973 804 4026 pro
822 3956 948 4010 universo
967 3957 1038 4012 clero
1056 3969 1085 4012 ct
1102 3967 1202 4023 senatu,

96 4024 125 4074 in
150 4041 260 4092 quorum
285 4025 395 4077 omnium
421 4041 545 4077 consessu
563 4033 590 4077 et
607 4025 758 4094 praesentia
776 4027 960 4082 condemnavit
975 4028 1145 4092 Basiliscum,
1176 4034 1205 4078 et

96 4091 227 4160 relegavit
250 4110 307 4146 eum
332 4094 360 4146 in
382 4094 488 4147 Limnes
511 4102 625 4146 castrum
650 4095 765 4163 regionis
787 4095 987 4166 Cappadociae,
1014 4097 1059 4150 ubi
1083 4099 1203 4146 reserato

97 4161 166 4214 ostio
191 4163 307 4216 inclusus
330 4165 399 4216 fame
422 4173 449 4216 et
471 4163 515 4216 siti
536 4173 644 4218 arrectus
666 4165 726 4218 fuit.
763 4167 797 4220 ob
821 4167 888 4219 hunc
912 4167 995 4236 igitur
1012 4163 1124 4216 iudicum
1142 4179 1204 4216 con-

96 4247 198 4284 sessum
222 4233 295 4284 locus
318 4231 363 4284 ille
387 4233 521 4304 Topurum
546 4251 639 4286 nomeu
662 4235 774 4304 adeptus
798 4244 848 4290 est.
884 4251 1000 4302 eousque
1020 4246 1084 4282 vero
1100 4233 1204 4298 pertin-

96 4301 198 4370 gebant
215 4301 329 4354 triclinia
346 4303 433 4374 magni
449 4303 541 4372 palatii
558 4321 574 4357 a
592 4305 765 4358 Constantino
782 4323 877 4375 magno
895 4303 1009 4356 condita.
