2802 4636
522 279 583 346 DE
609 277 748 346 SIGNIS
774 279 835 351 ΟΡ.
1179 283 1229 358 53

120 461 320 552 Ὰῦγοιίστου.
372 464 432 530 ἀπὸ
449 467 657 552 Νικομηδείας
673 471 783 552 στῆλαι
799 467 910 534 πολλοὶ
925 465 1036 554 ἥκασιν
1043 518 1054 550 ,
1079 468 1154 540 ὅθεν
1178 479 1230 542 καλ

120 568 144 654 ἦ
172 575 227 636 τοῦ
252 568 476 654 Διοκλητιανοῦ
500 572 532 635 ἒν
554 576 599 660 τῶ
622 570 814 661 ἴπποδρομίιμ
836 569 964 652 σῶζεται
988 574 1044 651 ἕως
1066 581 1138 657 νῶν,
1163 578 1229 643 ἐπί-

120 697 242 760 κουφος
257 664 352 752 οὖσα,
378 673 529 756 ἀναμίσον
544 681 600 741 τοῦ
617 677 812 757 καδίσματος
827 675 972 760 ἱσταμίνη
988 682 1044 744 τοῦ
1058 684 1230 760 βασιλικοῦ.

120 773 238 859 ὁμοίως
264 779 314 842 καὶ
342 777 402 842 ἀπὸ
427 776 567 862 Ἀθηνῶν
592 781 643 843 καὶ
667 777 728 843 dul
753 780 888 860 Κυζίκου
905 782 957 846 καὶ
974 783 1163 869 Καισαρείας
1177 789 1229 852 καλ

91 877 252 967 5Ίράλης
278 881 329 946 καὶ
354 877 481 968 Σῶρδης
506 883 557 946 καλ
581 883 774 963 Μωκισσοῦ,
807 885 858 948 καλ
885 882 946 948 sind
970 887 1155 968 Σεβαστείας
1176 893 1228 954 καὶ

117 981 273 1050 Σατάλιον
295 983 347 1048 καὶ
362 984 520 1062 Χαλδείας
536 987 586 1050 καί
599 984 779 1069 Ἀντιοχείας
793 993 849 1072 τῆς
863 983 998 1073 μεγάλης
1015 991 1067 1055 καλ
1083 987 1225 1080 Κύπρου,
1243 1003 1267 1058 (l

115 1089 172 1153 καὶ
197 1086 259 1152 ἀπὸ
279 1084 406 1175 Κρήτης
423 1089 474 1153 καλ
487 1085 595 1155 Ῥόδου
613 1092 665 1155 καὶ
680 1091 763 1155 Χίου
779 1093 830 1156 καί
842 1089 1002 1169 Ἀτταλίας
1017 1094 1069 1158 καὶ
1085 1091 1229 1184 Σμύρνης

116 1194 173 1256 καὶ
200 1192 376 1268 Σελευκείας
400 1193 451 1256 καὶ
478 1190 539 1258 ἀπὸ
566 1189 696 1258 Τυοίνοιν
718 1195 771 1258 καὶ
792 1193 915 1261 Ἰκονίου
932 1197 983 1260 καί
1001 1194 1061 1262 dal
1078 1199 1228 1266 Βιθυνῶν

115 1296 256 1372 Νικαίας
274 1297 324 1360 καὶ
342 1294 403 1360 ἀπὸ
421 1297 577 1375 Σικελίας,
597 1298 648 1361 καὶ
665 1296 726 1362 aiud
743 1305 850 1365 πασῶν
866 1304 927 1364 τῶν
942 1294 1060 1366 πόλεων
1076 1299 1227 1387 ἀνατολῆς

75 1409 157 1464 loss
184 1401 236 1464 καὶ
260 1395 375 1474 δύσεως
396 1395 488 1482 ἥκασι
512 1396 656 1487 διάφοροι
680 1405 790 1484 στῆλαι
813 1403 865 1466 καὶ
888 1398 1035 1485 θεάματα
1059 1404 1146 1492 παρὰ
1170 1413 1225 1473 τοῦ

113 1499 254 1588 μεγάλου
271 1503 520 1584 Κωνσταντίνου,
546 1503 567 1568 οἳ
584 1504 635 1568 καὶ
652 1503 800 1587 ἐτέθησαν
817 1506 868 1570 καὶ
885 1503 1115 1590 ἓστηλῶδησαν.

217 1605 392 1693 Ἀρτίμιδος
408 1601 429 1690 ἢ
447 1603 543 1692 στήλη
559 1608 592 1673 ἓν
607 1610 653 1696 τῷ
669 1605 780 1697 ἱππικῷ
797 1607 894 1688 ἐστίν,
914 1606 992 1676 ἔνθα
1005 1610 1035 1675 oi
1047 1609 1225 1690 παλαίοντες

114 1707 343 1792 δοκιμάζονται.

223 1812 264 1879 Οἳ
287 1813 322 1878 δὲ
344 1811 489 1902 τέσσαρες
507 1810 731 1898 κεχρυσωμένα
744 1813 832 1877 ’ίπποι
839 1860 850 1893 ,
876 1813 907 1878 oi
921 1813 1055 1902 ὕπερθεν
1071 1822 1133 1882 τῶν
1149 1841 1224 1902 ascy-

69 1925 107 1980 15
116 1915 234 1984 κέλλων
251 1913 399 2003 ὁρώμενοι
406 1963 417 1995 ,
443 1917 476 1980 ἐκ
492 1920 548 1998 τῆς
562 1917 644 1980 Χίου
661 1912 771 2000 ἥκασιν
788 1917 836 1981 ἐπὶ
857 1915 1022 1983 Θεοδοσίου
1035 1924 1090 1984 τοῦ
1102 1925 1224 2007 μικροῦ.

218 2018 271 2083 Ἐν
293 2023 338 2108 τῶ
360 2013 517 2104 περιπάτῳ
533 2022 594 2082 τῶν
611 2014 667 2084 δύο
682 2025 785 2105 μερῶν
802 2017 928 2107 δ’φιτιποι
944 2025 1053 2104 πῆλαι
1069 2025 1121 2086 καὶ
1137 2023 1223 2102 πεζαὶ

114 2125 150 2185 Γ
147 2127 292 2208 ρατιανοῶ
320 2124 372 2184 καὶ
400 2119 651 2185 Οὗαλεντινιανοῦ
677 2123 729 2185 καὶ
757 2121 923 2189 Θεοδοσίου
952 2127 1003 2188 καί
1029 2131 1084 2188 τοῦ
1108 2131 1261 2214 κυρτοῦὓ

117 2227 328 2311 Φιρμιλιανοῦ
343 2223 420 2310 πρὸς
435 2223 550 2306 γέλωτα
567 2219 705 2306 ἔστησαν.

219 2325 268 2392 Αἱ
293 2325 328 2391 δὲ
351 2331 498 2411 μεννῶσαι
521 2330 626 2411 θῆρας
650 2328 701 2389 καλ
726 2321 912 2414 ἀνθρώπους
934 2327 1096 2394 ἐσδίουσαι
1120 2328 1153 2394 ἓν
1175 2335 1222 2419 τῷ

69 2429 329 2520 1οἱπποδρομίῳ,
355 2425 375 2513 ἦ
398 2429 454 2513 μὲν
474 2429 532 2513 μία
554 2429 635 2494 ἐστὶν
654 2427 868 2496 Ἰουστινιανοῦ
890 2436 946 2497 τοῦ
969 2428 1138 2519 τυράννου,
1163 2434 1221 2518 δη-

185 2639 267 2697 4καλ
283 2646 345 2713 post
360 2643 443 2694 Καισ.
462 2657 504 2694 om
516 2641 549 2696 (l.
626 2637 709 2694 caol
724 2641 876 2694 Μωκισσοῦ
891 2659 930 2696 om
942 2641 974 2697 0.
1053 2646 1086 2699 11
1103 2635 1220 2731 ίστρλῶ-

182 2715 294 2782 θησαν,
321 2711 369 2764 ἵνα
387 2706 417 2764 oi
432 2706 603 2780 διερχόμενοι
617 2711 708 2764 ταῦτα
723 2707 773 2763 καλ
789 2708 986 2781 πεπειραμένοι
1004 2707 1083 2780 ἔχωσι
1098 2707 1132 2767 cd
1148 2711 1219 2766 aloi-

183 2785 277 2850 θητον
293 2781 348 2835 τῶν
366 2773 497 2849 ἐσχάτοιν.
517 2781 550 2836 0.
655 2779 689 2834 12
706 2795 735 2850 p.
751 2779 785 2834 41
803 2781 886 2834 Band.
989 2783 1024 2836 14
1040 2800 1068 2852 p.
1082 2781 1117 2836 41
1133 2783 1218 2836 Baud.

182 2853 218 2975 {36
234 2851 393 2973 1342et86
409 2849 494 2904 Baud.
563 2849 597 2907 17
615 2846 695 2918 γένος
711 2849 871 2916 Γρατιανοῦ
886 2841 966 2904 ἅπαν
982 2850 1016 2904 ll.
1086 2851 1120 2906 19
1136 2870 1166 2921 p·
1181 2854 1216 2909 42

208 2937 269 2975 au.

110 3106 274 3165 Nicomedia
297 3123 402 3177 quoque
423 3105 521 3161 multas
541 3105 637 3161 allatae
660 3113 722 3161 sunt
743 3107 863 3175 obtuse,
894 3120 1003 3174 quarum
1027 3123 1094 3174 una,
1121 3122 1215 3178 nempe

111 3177 288 3243 Diocletiani,
312 3177 447 3246 hucusque
470 3177 499 3229 in
520 3175 700 3246 Hippodromo
720 3183 858 3246 superest3
880 3181 936 3229 stat
951 3184 1038 3230 autem
1054 3177 1088 3230 ad
1104 3176 1215 3231 medium

111 3247 228 3302 tribunal
253 3247 427 3316 imperatoris.
461 3252 601 3316 praeterea
621 3261 717 3314 magna
736 3252 883 3298 statuarum
905 3255 934 3296 et
954 3245 1087 3313 signorum
1106 3246 1215 3300 coiea

112 3315 290 3370 Constantino
312 3333 405 3384 magno
429 3315 543 3368 deducta
559 3321 601 3367 est
616 3315 741 3384 Athenis,
765 3314 881 3382 cyzico,
905 3313 1045 3383 caesaria,
1070 3316 1110 3370 Tr
1145 3316 1214 3383 ibus,

111 3387 258 3452 Sardibus,
284 3385 413 3457 Mooisso,
438 3384 577 3451 sebastia,
602 3383 714 3450 satalia,
739 3401 773 3438 ex
797 3381 923 3450 Chaldia,
946 3384 1087 3438 Antiochia
1109 3401 1214 3455 magna,

110 3473 146 3509 ex
170 3456 279 3524 Cypro,
303 3454 414 3522 Rhodo,
441 3453 523 3520 Chio,
547 3451 661 3520 Attalia,
678 3453 807 3522 Smyrna,
824 3453 958 3519 Seleucia,
977 3454 1095 3522 Tyenis,
1111 3453 1213 3523 Iconio,

110 3525 214 3580 Nicaea
229 3523 372 3591 Bithyniae
390 3532 417 3577 et
433 3541 467 3577 ex
483 3522 576 3576 Sicilia
593 3523 764 3592 omnibusque
781 3523 839 3576 aliis
855 3531 910 3576 tam
927 3521 1036 3576 orientis
1051 3539 1129 3593 quam
1141 3525 1214 3577 oeci-

110 3594 198 3648 dentis
228 3593 352 3660 urbibus,
383 3610 451 3664 quae
481 3609 530 3646 sua
558 3607 677 3663 quaeque
698 3592 727 3644 in
750 3592 868 3645 columna
892 3597 998 3644 erectae
1021 3600 1050 3646 et
1069 3593 1214 3647 collocatae

109 3667 228 3718 fuerunt.

214 3730 315 3786 Dianae
338 3735 428 3785 statua
450 3731 479 3784 iu
501 3729 680 3801 Hippodromo
705 3729 793 3800 posita
817 3733 874 3796 est,
901 3727 947 3781 ubi
966 3727 1120 3798 palestritae
1136 3746 1213 3785 exer·

109 3811 349 3933 centur‘Quattuor
369 3869 486 3922 inaurati
505 3867 568 3940 equi
583 3884 664 3938 supr!
680 3867 809 3920 ⁰⁸⁸00l¹⁰³
825 3866 907 3938 9⁰⁸iti
924 3883 958 3920 ⁰¹
975 3866 1042 3920 ⁰¹5⁰
1059 3865 1133 3921 Μ
1149 3867 1213 3918 ’ω

110 3941 160 3994 sub
178 3939 330 3994 Theodosio
343 3939 458 3993 iuniore.

212 4007 243 4060 ln
273 4009 420 4062 ambulacro
452 4007 560 4060 duarum
589 4005 732 4059 lactionum
756 4005 865 4058 stabant
887 4007 1024 4074 equestres
1050 4009 1155 4056 statuae
1181 4006 1210 4053 at

109 4077 263 4147 pedestres,
288 4077 425 4144 Gratiani,
448 4075 641 4144 Valentiniani,
658 4073 822 4142 Theodosii,
839 4079 870 4128 ut
886 4083 914 4128 et
929 4071 1077 4128 Firmiliani
1093 4068 1207 4138 gibbosi,

107 4148 179 4200 risus
196 4147 345 4200 concitandi
358 4147 457 4216 gratia.
539 4206 543 4212 ,
1150 4202 1158 4218 .

213 4217 255 4270 lla
278 4217 379 4270 duabus
402 4215 575 4287 Hippodromi
598 4213 710 4280 statuis,
736 4229 806 4283 quae
821 4213 921 4268 belluas
937 4210 1062 4280 gignunt,
1090 4203 1206 4288 h⁰f¹¹¹¹¹0⁸

107 4284 253 4355 devorant,
277 4303 330 4342 uua
346 4286 455 4341 denotat
468 4284 642 4341 lastinianum
657 4290 799 4354 tyrsum
817 4290 930 4352 atquae
946 4276 1104 4342 recuperato
1122 4289 1205 4344 ampe-
