2814 4608
441 224 497 288 AD
525 217 723 288 CODINUM
748 219 903 287 NOTAE.
1149 226 1222 296 221

121 409 243 472 Graecis
266 407 387 488 ἔμβολον
406 401 545 462 dicuntur
560 403 695 480 porticus
715 402 778 460 sive
799 411 877 460 aeota
895 400 1087 478 ambulacro,
1108 425 1169 488 quo
1190 429 1223 469 se

120 498 250 579 populus
280 493 319 552 ad
347 491 453 551 caloris
480 485 674 548 incommoda
701 497 731 544 et
754 487 865 546 imbres
886 490 1057 568 repentinos
1079 491 1224 556 arcendos

121 582 313 662 recipiebant.
364 579 407 634 ita
442 594 531 652 saepo
565 571 646 652 apud
682 573 839 650 scriptores
871 570 1016 634 historiae
1047 578 1224 656 Gpolitanae

121 671 235 728 mentio
259 666 293 722 fit
318 666 372 724 τοῦ
393 662 541 741 δημοσίου
562 654 704 739 ἐμβόλου,
724 661 785 719 τών
806 653 863 721 δώο
885 657 1024 740 ἐμβόλων
1044 667 1100 724 τοῦ
1118 659 1225 743 φόρου,

122 759 178 817 τοῦ
206 745 336 831 ἐμβόλου
363 750 425 809 τών
454 743 711 826 χαλκοπρυτείυν,
741 746 803 806 τών
824 737 960 824 ἐμβόλων
980 749 1037 809 τοῦ
1057 743 1225 830 Ειίβοιίλου

121 838 174 902 καὶ
202 836 366 915 Δομυίνου.
409 829 449 889 ad
474 828 553 888 hanc
580 828 831 908 significationem
856 832 939 890 vocis
960 829 1087 912 ἔμβολος
1107 833 1226 894 εἰδείην

122 923 289 1002 respexisse
310 917 513 998 Etymologici
532 916 636 993 magni
653 924 771 989 auctor,
796 915 850 994 qui
866 917 1015 996 originem
1030 921 1094 978 eius
1110 919 1227 980 derivat

122 1002 203 1091 πυροί
232 1004 266 1069 τό
292 1000 346 1067 ndo
373 998 447 1064 λαδν
475 1000 637 1080 ἐμβαίνειν.
680 997 762 1079 apud
782 1001 905 1060 Latinos
927 1021 1046 1084 quoquc
1066 1002 1142 1064 haec
1162 1026 1227 1066 vox

121 1097 155 1152 in
186 1092 294 1151 eadem
321 1088 537 1167 significatione
566 1086 709 1159 occurrit,
745 1095 780 1144 ut
805 1095 932 1146 testatur
958 1087 1090 1150 Isidorus
1118 1091 1158 1154 15
1189 1095 1226 1154 2:

123 1178 245 1248 imboli,
274 1175 324 1234 νιί
350 1176 423 1252 quia
451 1170 506 1229 sub
526 1171 677 1230 volumine
696 1181 780 1241 aunt,
809 1171 860 1230 νεί
879 1175 952 1252 quio
971 1173 1027 1232 cub
1047 1174 1095 1233 his
1115 1174 1226 1234 ambu-

123 1266 201 1323 lant:
224 1272 295 1320 sunt
315 1261 393 1316 enim
410 1258 542 1334 porticus
559 1257 631 1315 birro
644 1255 714 1313 inde
725 1255 907 1333 platearum.
948 1258 1031 1318 idem
1045 1262 1077 1318 in
1093 1262 1223 1321 Glossia:

123 1349 270 1417 imbulus,
290 1345 330 1402 ab
352 1341 549 1412 ambulando,
570 1340 814 1408 ambulatorium.
858 1341 995 1404 sednon
1017 1343 1145 1405 advertit
1165 1349 1227 1405 La-

123 1437 223 1493 tinum
243 1431 425 1490 vocabulum
445 1426 577 1484 imhulus
597 1446 615 1484 a
636 1429 749 1485 Graeco
769 1425 895 1508 ἔμβολος
913 1430 1061 1508 originem
1081 1441 1112 1488 et
1130 1433 1227 1509 signi-

123 1521 295 1578 ficationem
316 1517 475 1593 accepisse.
517 1516 619 1572 Lanu.

208 1625 239 1682 p.
261 1601 301 1664 15
322 1621 351 1659 v.
373 1601 404 1663 3.
447 1593 603 1681 οίνήγειρε,
625 1597 694 1678 καλ]
721 1595 771 1656 hio
800 1597 885 1656 locus
912 1617 953 1656 ex
979 1598 1130 1658 codicibus
1151 1601 1227 1657 sori-

123 1691 183 1770 ptis
213 1699 243 1746 et
269 1683 420 1765 Hesychio
440 1688 483 1742 ita
505 1684 691 1763 supplendus
710 1694 755 1742 est
777 1693 806 1740 et
827 1682 1047 1744 emendandus:
1078 1677 1227 1765 ἀνήγειρε,

124 1769 228 1838 δίκαιοί
245 1795 276 1833 τε
296 1767 395 1834 ποίντα
415 1767 489 1853 πρὸς
511 1772 600 1848 ζηλον
621 1775 676 1850 τῆς
695 1766 896 1851 πρεσβυτέρας
911 1766 1024 1850 Ῥώμης
1043 1765 1226 1851 ἐδωρήσατο,

125 1855 209 1922 uode?
239 1856 291 1919 καί
318 1856 351 1918 ἐν
378 1860 419 1937 τῳ
446 1856 621 1938 Στρατηγίῳ
651 1853 799 1938 λεγομένῳ
829 1848 917 1936 φόρῳ
1053 1849 1226 1933 οίνίγραψεν

124 1945 173 2008 ἐπὶ
202 1944 324 2020 λιθίνης
353 1939 478 2020 στήλης,
514 1939 624 2002 ἑαυτοῦ
650 1963 682 2002 τε
708 1937 760 2001 καί
783 1941 838 2017 τῆς
860 1937 955 2001 αὐτοῦ
976 1935 1088 2021 μητρδςΙ
1107 1938 1228 2020 Ἑλένης

123 2029 174 2093 ἐπὶ
195 2029 297 2098 κίονος
317 2020 481 2105 α’νίστησεν
502 2019 668 2105 οίγοίλματυ.
709 2027 811 2083 nane.

207 2133 238 2192 p·
260 2114 300 2174 15
321 2131 352 2170 v.
372 2107 404 2173 ¹1·
446 2113 487 2194 τῷ
516 2111 690 2195 Στρυτηγίῳ
719 2105 869 2192 λεγομένῳ
901 2101 1004 2192 φδρῳ]
1037 2105 1095 2168 hoc
1125 2110 1226 2170 forum

123 2199 245 2279 purgari
264 2197 393 2268 solebat,
416 2194 470 2254 aed
488 2215 562 2254 mox
581 2194 685 2271 desiit,
708 2193 805 2254 donec
824 2211 940 2251 morem
962 2194 1119 2274 antiquum
1139 2215 1227 2255 revo-

125 2294 206 2342 caret
231 2280 363 2340 Michacl
389 2282 593 2356 Stratiotious,
626 2291 703 2340 testa
728 2277 874 2338 cedreno.
916 2281 1049 2338 Zonaras
1073 2281 1183 2346 Annal.
1205 2281 1227 2343 3

124 2391 184 2428 non
211 2371 244 2426 in
271 2367 419 2443 Strategio
446 2368 589 2439 collocat,
608 2364 676 2424 'sed
700 2366 734 2422 in
758 2366 892 2423 Plaooto.
913 2364 1034 2428 Menas.
1078 2385 1155 2446 quaa
1175 2363 1227 2425 hic

124 2464 282 2513 narrantur
318 2451 356 2510 de
390 2453 531 2510 columna
563 2451 706 2529 Strategii
739 2459 769 2508 et
798 2450 862 2508 eius
891 2449 1100 2528 inscriptione,
1136 2452 1225 2510 unios

123 2543 253 2600 illustrat
294 2539 431 2598 Socrates
473 2540 550 2600 Hist.
585 2538 669 2595 Eccl.
706 2537 725 2598 1
763 2531 819 2610 14,
868 2534 922 2592 ubi
956 2532 994 2592 de
1030 2535 1225 2596 Constantino

123 2645 234 2704 magno
265 2634 295 2681 et
321 2624 467 2702 Byzantio
496 2641 605 2697 agens,
642 2619 829 2719 χρηματίζειν
858 2617 906 2694 δέ,
937 2621 1052 2700 inquit,
1085 2620 1226 2726 δευτέραν

122 2705 238 2789 Ῥώμην
266 2706 351 2789 νόμῳ
379 2703 545 2787 ἐκύρωσεν·
575 2701 610 2776 ὃς
638 2727 729 2782 νομος
756 2701 789 2764 ἐν
815 2702 921 2786 λιθίνη
941 2703 1102 2786 γέγραπται
1121 2711 1226 2789 στηλη,

124 2792 177 2856 καὶ
212 2793 342 2874 δημοσίῳ
376 2789 409 2851 ἐν
444 2793 487 2873 τῷ
517 2787 693 2872 καλουμένῳ
723 2788 887 2870 στρατηγίῳ
914 2790 1043 2867 πλησίον
1071 2794 1127 2852 τοῦ
1154 2789 1169 2852 ἕ
1208 2825 1226 2838 -

124 2883 182 2942 κου’
211 2875 346 2954 ἔφίππου
376 2872 557 2956 παρέθηκεν.
598 2875 745 2951 interpres
769 2873 873 2929 vertit:
908 2872 973 2950 lege
1000 2873 1127 2951 denique
1153 2895 1227 2931 san-

125 2965 199 3022 civit
226 2973 261 3018 ut
286 2959 416 3018 secunda
443 2960 544 3016 Roma
570 2969 739 3035 vocaretur,
763 2966 818 3015 etc.
861 2953 916 3014 sed
938 2959 1124 3040 χρηματίζειν
1145 2956 1227 3038 apud

126 3051 280 3110 Socratem
311 3065 372 3104 non
403 3045 549 3122 significat
581 3045 745 3119 nominari,
774 3039 829 3101 sed
858 3061 927 3105 esse.
969 3045 1013 3100 ita
1039 3041 1225 3124 Hesychius:

125 3131 183 3214 τήν
201 3131 290 3205 νέαν,
315 3131 429 3210 inquit,
458 3125 595 3208 ciclorum
613 3126 741 3209 Ῥώμην,
763 3127 833 3206 ίσην
855 3121 951 3207 ου’τήυ
969 3132 1009 3213 τῇ
1028 3123 1130 3214 πρώτη
1151 3153 1225 3210 γρη-

77 3270 81 3278 ,
125 3220 257 3300 ματίζειν
282 3209 467 3296 προστάξας,
494 3213 527 3273 id
549 3225 609 3289 est,
637 3227 672 3274 ut
692 3217 903 3292 interpretatur
923 3211 1110 3294 Nicephorus
1131 3217 1227 3274 Calli-

125 3317 189 3364 stus
203 3305 226 3364 l.
242 3306 278 3375 8,
300 3303 352 3364 ίσα
371 3307 411 3387 τῇ
429 3297 533 3385 πρώτη
554 3307 673 3381 κρατεῖν
692 3299 743 3361 καί
761 3300 931 3379 οἰκονομεῖν
950 3299 1002 3361 καὶ
1021 3297 1224 3365 δυναστεύειν.

124 3390 184 3449 hcc
213 3389 294 3446 enim
322 3388 376 3444 lex
400 3387 454 3445 illa
482 3387 669 3444 Constantini
696 3386 853 3444 columnae
877 3386 910 3442 in
936 3386 1084 3465 strategio
1109 3388 1224 3464 positae

124 3477 220 3533 incisa
248 3471 436 3548 continebat,
466 3474 596 3531 Romam
617 3482 706 3552 atque
726 3471 845 3550 cpolim
864 3468 946 3529 idem
965 3473 1013 3532 ius
1036 3467 1224 3553 eandemque

127 3559 305 3638 dignitatem
324 3554 445 3616 habere.
487 3561 588 3616 baran.

210 3667 241 3725 p.
264 3645 304 3708 15
325 3663 356 3702 v.
376 3646 406 3707 7.
448 3637 673 3724 Αώγσυστιιῖον]
703 3641 868 3720 Procopius
897 3639 935 3698 de
964 3639 1105 3702 aedificiis
1132 3643 1224 3702 Iusti-

126 3731 210 3790 niani
230 3733 252 3795 l.
275 3730 309 3790 1:
341 3727 402 3792 lori
431 3727 465 3790 δι’
490 3751 535 3801 τις
562 3722 655 3809 σίγοροὶ
682 3722 742 3805 πρδ
766 3729 827 3786 τοῖν
852 3726 1010 3806 βασιλείαν
1036 3729 1223 3809 περίστυλος·

126 3811 335 3897 Αώγουσταῖον
355 3817 481 3877 καλοῦσι
500 3810 556 3893 την
576 3807 692 3894 οίγοροίυ
713 3811 745 3874 ολ
761 3803 927 3884 Βυζάντιοι
969 3813 1116 3872 vocabant
1133 3815 1225 3870 etiam

127 3896 364 3982 Αώγουστεώυα,
396 3910 430 3958 ut
459 3897 610 3958 cedrenus
639 3899 751 3977 aliique
778 3905 809 3953 et
837 3897 903 3975 ipse
930 3894 979 3954 hio
1007 3909 1109 3959 noster
1135 3897 1223 3960 infra.

128 3984 198 4043 vide
226 3985 352 4043 Suidam
379 3988 412 4043 iu
439 3981 624 4066 Αίίγουστος.
667 3983 860 4060 conflagravit
887 3993 987 4042 autem
1014 4003 1092 4044 anno
1119 3981 1225 4061 quinto

127 4071 248 4150 imperii
267 4071 457 4146 Iustinianei,
477 4081 553 4130 teste
574 4067 717 4128 Gedreno.
759 4070 880 4130 Munna.

213 4175 244 4234 p·
262 4155 302 4218 15
324 4175 351 4215 v.
369 4156 409 4218 10
425 4177 470 4236 sq.
512 4151 655 4235 οίνέστησε
674 4153 726 4218 καὶ
745 4150 801 4217 do'o
823 4147 956 4256 αἰγίδας]
978 4155 1073 4213 scribe
1093 4161 1127 4208 ut
1147 4153 1223 4229 legi-

128 4254 178 4302 tur
200 4241 280 4320 apud
301 4239 500 4319 Hesyclrium,
527 4234 694 4321 ιίνέστησσίν
714 4262 745 4304 τε
766 4239 801 4303 οἱ
819 4240 876 4303 δυο
897 4235 1017 4318 duliae.
1057 4238 1158 4302 brun.
