2802 4636
463 292 523 357 DE
551 283 804 358 omonimus
831 287 893 358 GP.
1192 293 1240 363 15

123 481 288 570 λεγομένην
304 479 549 546 Κωνσταντίνυυ.
601 477 789 563 θαυμαστὴν
805 479 865 566 γάρ
888 475 1176 562 προσεργασάμενος
1198 489 1243 570 τῷ

128 586 231 654 κάλλει
256 581 420 673 πόρρωθεν
443 585 495 650 καὶ
512 585 552 652 τὰ
568 585 651 668 τείχη
668 581 933 666 μετέστειλενκατά
949 582 1022 659 τοὺς
1041 586 1243 670 Τρωαδικοδς

127 687 278 776 ἐμβόλους
285 737 296 770 ,
319 681 437 774 λουτρά
460 690 567 754 τεκαὶ
592 687 692 775 ίεροάς
714 685 770 754 δόο
795 686 898 764 οἰόνους
923 684 1076 773 μεγάλους
1091 685 1239 775 ἀνήγειρε,
1258 713 1281 766 c

127 798 179 862 καὶ
196 795 228 860 ἓν
244 801 288 884 τῷ
305 793 485 881 Στρατηγίῳ
502 793 654 882 λεγομένῳ
671 789 760 881 φόρῳ
767 840 778 872 ,
802 789 882 857 ένθα
898 793 972 858 ποτὲ
989 790 1018 857 oi
1035 801 1242 879 στρατηγοῦν-

104 917 177 978 baec
202 897 260 976 τάς
281 897 374 980 τιμὰς
399 896 502 964 sisois
525 897 724 980 ἀπεδέχοντο,
750 893 859 962 ἑαυτὸν
882 896 930 960 ἐπὶ
948 898 1070 980 λιθίνης
1087 896 1242 985 ἀνέγραψε

127 1002 262 1089 στήλης,
293 1004 345 1067 καί
369 1007 425 1085 τῆς
449 998 545 1068 αὑτοῦ
575 1001 694 1088 μητρὸς
717 997 839 1084 Ἑλένης
872 1000 921 1064 ἐπὶ
952 1002 1052 1077 κίονος
1081 999 1243 1086 ἀνέστησεν

127 1107 271 1194 ἀγαλμα,
296 1107 347 1172 καί
364 1105 418 1171 τὸν
434 1105 528 1172 τόπον
551 1105 692 1172 ἐκάλεσεν
708 1104 939 1192 Αάγουσταΐον·
965 1114 1030 1182 τοῖς
1053 1131 1085 1172 τε
1109 1132 1243 1172 συνακο-

126 1211 322 1295 λουθησασιν
340 1209 425 1297 αἰετῷ
443 1210 503 1276 ἀπὸ
516 1207 637 1294 Ῥοίμης
649 1214 858 1296 συγκλητικοῖς
866 1207 1105 1298 ἐφιλοτιμήσατο
1113 1259 1124 1290 ,
1143 1210 1245 1289 eiicere

127 1317 235 1392 αάτυῖς
258 1311 491 1401 δωρησάμενος,
517 1313 571 1392 οάς
595 1317 627 1394 ἐξ
652 1317 738 1380 ίδίων
759 1315 899 1397 έδείματο
914 1311 1093 1402 χρημάτων.
1145 1316 1193 1402 ἐπὶ
1212 1317 1245 1381 δέ

85 1435 121 1488 10
129 1419 240 1488 τούτου
268 1421 319 1486 καί
344 1415 361 1484 ὅ
385 1424 447 1484 τῶν
462 1415 585 1484 ὑδάτων
601 1415 691 1496 ὁλκὸς
706 1419 879 1502 προσετέθη
897 1425 936 1506 τῇ
952 1416 1049 1484 πόλει.
1100 1418 1245 1504 ἀνέστησε

129 1525 164 1590 δέ
182 1526 234 1590 καὶ
251 1521 307 1588 δόο
326 1520 445 1606 ἀψῖδας
461 1522 539 1610 πρός
555 1523 609 1588 τδν
625 1519 813 1604 κάλοόμενον
830 1520 947 1611 φόρον,
965 1525 1016 1588 καὶ
1033 1519 1050 1588 ὃ
1067 1531 1247 1612 πορφυροῦς

129 1631 182 1694 καὶ
199 1624 398 1714 περίβλεπτός
414 1629 488 1694 κίων
505 1626 560 1714 ἐφ’
581 1617 674 1713 οὗπερ
695 1629 820 1710 ἵδρυται
837 1629 1086 1707 Κωνσταντΐνος,
1112 1625 1148 1692 ἀν
1165 1625 1247 1714 ὁρεό-

128 1758 186 1816 μεν
205 1734 291 1816 δίκην
306 1729 395 1816 ἡλίου
412 1741 476 1809 τοῖς
492 1732 630 1809 πολίταις
646 1729 851 1814 ἓκλάμποντα.
884 1738 974 1798 τοῦτο
992 1739 1065 1816 γοῦν
1074 1730 1109 1797 τό
1120 1729 1245 1816 ἀγαλμα
1261 1753 1285 1804 1)

130 1837 293 1902 κατέπεσεν
315 1835 376 1900 ἀπὸ
401 1843 457 1902 τοῦ
481 1837 598 1916 κίονος,
633 1837 684 1900 καὶ
719 1831 814 1922 φόνον
841 1839 904 1900 τῶν
935 1836 1028 1899 έκεΐσε
1063 1832 1249 1921 εὑρεθέντων

85 1956 121 2010 15
132 1940 255 2027 ἀνδρῶν
270 1965 303 2005 τε
320 1944 372 2004 καί
389 1946 539 2024 γυναικῶν
557 1936 628 2004 ὡσεὶ
647 1939 721 2003 δέκα
736 1935 901 2024 εἰργάσατο
908 1984 919 2016 ,
943 1936 1023 2002 κατά
1038 1935 1094 2020 τὴν
1110 1938 1249 2022 πέμπτην

130 2044 253 2128 δηλαδὴ
271 2049 328 2108 τοῦ
340 2043 515 2128 Ἀπριλλίου
533 2039 648 2126 μηνός,
667 2047 729 2124 ’τῆς
751 2037 1082 2128 τεσσαρεσκαιδεκάτης
1097 2043 1250 2108 intexunt-

130 2173 203 2225 νος,
235 2152 291 2212 τοῦ
317 2143 578 2229 ἑξακισχιλιοστοῦ
602 2147 654 2210 καὶ
677 2142 895 2222 ἑξακοσιοοτοό
916 2142 1247 2230 τεσσαρεσκαιδεκάτου

132 2250 237 2328 ἴτους,
264 2248 400 2314 εἰκοστόν
425 2247 491 2326 ἴτυς
514 2245 648 2332 ἀγοόσης
669 2253 726 2331 τῆς
746 2249 906 2329 βασιλείοις
921 2254 976 2312 τοῦ
993 2249 1100 2335 κυρίου
1114 2249 1247 2328 Ἀλεξίου

129 2360 187 2420 τοῦ
196 2355 372 2435 Κομνηνοῦ.
398 2349 466 2438 άίρα
482 2343 521 2436 ἦν
538 2347 610 2417 cinei
627 2352 731 2437 τρίτη,
750 2349 800 2417 ὅτε
816 2348 930 2440 γνόφος
946 2351 1059 2438 ἐγένετο
1077 2356 1129 2420 καί
1145 2357 1245 2437 βίαιος

84 2473 123 2526 20
135 2456 221 2534 νότος
234 2455 360 2536 ἔπνευσε
375 2453 536 2544 epomis,
557 2462 613 2520 τοῦ
629 2453 767 2539 κομήτοιι
786 2455 985 2543 ἀστέροςτοῦ
1009 2455 1148 2524 ἀκοντίου
1173 2465 1248 2544 κλη-

130 2563 241 2638 θέντος
257 2559 310 2628 τδν
326 2566 465 2626 τοιοῦτον
481 2567 538 2626 τοῦ
555 2559 644 2647 ἀέρος
653 2557 789 2646 τάραχον
797 2562 1037 2647 ἐξεργασαμένου
1043 2610 1053 2642 ,
1071 2567 1127 2627 rori
1136 2564 1247 2651 φανέν-
1265 2575 1287 2627 Ρ
1304 2573 1322 2628 S

132 2691 184 2745 τος
208 2664 290 2734 κατὰ
311 2664 367 2748 τὴν
391 2663 522 2752 ἑσπέραν
547 2670 603 2748 τῆς
626 2671 823 2752 παρασκευῆς
844 2671 899 2751 τῆς
923 2665 1046 2754 πρώτης
1063 2664 1247 2750 ἑβδομάδος.

204 2813 221 2866 1
243 2803 472 2878 άπεργασαμένος
489 2807 557 2862 Hes.
576 2827 605 2878 p.
622 2809 667 2862 53.
808 2809 826 2864 3
849 2813 911 2878 post
928 2803 1064 2880 ἐμβόλους
1079 2809 1247 2878 Hesychius:

204 2877 343 2948 πρότερον
361 2875 455 2961 cericeis¹
472 2874 525 2931 οάνι
544 2874 596 2942 ἔξω
611 2881 665 2946 τῆς
681 2872 831 2948 ἐπωνύμου
848 2875 955 2947 ἀγοράς
973 2879 1025 2962 copi
1040 2875 1176 2949 βασιλέως
1191 2899 1246 2934 κει-

202 2949 304 3036 ussup.
351 3013 357 3034 ι
418 2949 471 3002 δυο
490 2966 531 3002 om
547 2949 615 3004 Hes.
636 2958 664 3001 ec
681 2951 743 3034 Vnt.
811 3012 839 3070 ,ὃ
865 2948 1246 3073 λῆἶρρροῗῆρριριρλιρρρρῖροὶρρ

203 3020 446 3158 {litigiis
465 3017 819 3160 ,suuiiiiiili
841 3036 870 3082 ⁰⁶
1082 3055 1090 3072 '
1133 3127 1134 3130 κ
1207 3037 1226 3088 u

134 3210 226 3264 urbem
249 3207 422 3262 Constantini
445 3207 547 3260 nomine
572 3208 728 3276 insignitam
752 3207 881 3262 condidit.
917 3225 1027 3276 cumque
1050 3207 1167 3261 mirabili
1188 3209 1247 3278 pul·

136 3279 284 3334 chritudiue
302 3297 360 3331 eam
377 3279 550 3345 adornasset,
580 3295 668 3330 muros
694 3295 800 3349 quoque
822 3295 915 3331 versus
933 3279 1102 3330 Troadenses
1127 3281 1245 3348 porticus

135 3352 216 3419 longe
243 3349 364 3418 protulit.
399 3357 540 3418 praeterea
566 3345 662 3400 balnea
685 3357 712 3402 et
738 3349 789 3402 duo
815 3349 912 3417 temple
936 3347 1076 3417 magnifica
1101 3349 1245 3415 exstruxit,

137 3421 250 3487 iureque
267 3418 354 3472 omnia
371 3417 404 3470 ad
421 3417 522 3470 veteris
540 3417 639 3470 Romae
655 3417 741 3471 instar
758 3419 783 3470 ei
800 3419 938 3484 attribuit,
970 3425 999 3470 et
1015 3418 1043 3470 in
1059 3419 1120 3470 foro
1139 3419 1246 3471 Strate-

157 3489 198 3556 'o,
227 3489 274 3542 ubi
296 3488 357 3540 olim
375 3486 486 3540 militum
504 3487 584 3540 (luces
600 3488 746 3557 dignitates
764 3506 826 3542 ruas
843 3487 1037 3556 suscipiebant,
1065 3503 1095 3540 se
1114 3487 1247 3542 columnae
1277 3552 1280 3558 ἱ

137 3508 258 3629 lapideae
285 3557 399 3626 insculpi
422 3556 536 3609 curavit.
580 3559 614 3610 ad
640 3559 706 3610 hoec
729 3575 802 3612 auem
828 3565 857 3612 et
882 3557 973 3610 metris
998 3557 1116 3610 Helenae
1142 3565 1247 3612 statues
1268 3559 1269 3562 ’

138 3627 239 3696 erexit,
269 3635 351 3696 atque
375 3627 459 3680 locum
482 3626 627 3680 nominavit
647 3627 820 3696 Augusteum.
869 3627 1035 3682 senatoribus
1060 3627 1140 3680 etiarn
1164 3628 1249 3681 Roma

136 3697 222 3770 ipsum
240 3697 340 3751 secutis
356 3697 435 3749 valde
451 3697 599 3750 munificum
617 3715 646 3750 se
663 3699 799 3766 praebuit,
826 3701 855 3750 et
872 3697 952 3750 sedes
969 3697 1020 3750 illis
1035 3697 1163 3765 donavit,
1180 3714 1247 3766 ques

136 3767 253 3838 propriis
269 3767 417 3836 sumptibus
434 3773 613 3820 exstruxerat.
646 3768 715 3820 idem
739 3768 929 3836 aquaeductum
953 3767 982 3820 in
1005 3768 1097 3821 urbem
1114 3766 1249 3836 perduxit,

137 3837 256 3907 duosque
274 3837 361 3890 erexit
376 3853 454 3889 arcus
471 3836 500 3888 in
516 3837 589 3889 foro:
606 3837 645 3889 ita
663 3836 729 3890 enim
746 3840 830 3891 locum
848 3842 954 3891 vocant.
988 3841 1044 3890 tum
1061 3853 1166 3907 quoque
1182 3851 1247 3905 pur·

135 3923 246 3978 puresm
262 3907 331 3960 illam
349 3913 378 3958 et
395 3906 524 3959 illustrem
539 3907 697 3974 columnam,
716 3908 759 3960 cui
775 3907 858 3978 ipsius
876 3907 1044 3960 Constantini
1060 3914 1150 3960 statue
1166 3907 1249 3972 impo-

138 3978 191 4030 sito
212 3983 269 4044 est,
297 3993 375 4046 quam
398 3975 462 4029 solis
484 3976 568 4030 instar
593 3977 696 4030 civibus
718 3979 873 4048 praelucere
900 3979 1037 4030 cernimus.
1070 3977 1137 4028 haec
1162 3981 1249 4028 autem

137 4053 229 4100 statua
245 4045 278 4098 de
296 4045 546 4113 commanendis,
564 4052 591 4100 et
609 4048 699 4101 decem
716 4047 823 4102 circiter
838 4047 956 4100 homines
971 4047 1027 4100 illic
1045 4049 1108 4098 tunc
1124 4059 1251 4112 praesen-

138 4122 181 4168 tes
199 4117 350 4186 oppressit,
377 4116 470 4184 quinto
487 4116 605 4185 Aprilis,
628 4117 746 4171 decimae
763 4127 874 4187 quartae
889 4115 1060 4182 indictionis,
1086 4129 1154 4164 anno
1172 4113 1252 4178 6614,

140 4183 267 4254 vigesimo
285 4186 392 4254 imperii
406 4187 440 4244 D.
458 4185 547 4242 Alesii
564 4189 707 4256 comneni,
735 4189 802 4242 hora
819 4187 929 4240 circiter
943 4185 1040 4247 tertia,
1069 4184 1165 4232 oborta
1187 4182 1252 4232 cali·

140 4253 202 4322 gine
223 4262 253 4308 et
278 4262 369 4310 austro
391 4255 564 4310 vehementer
586 4259 716 4326 spirante.
750 4259 819 4312 hunc
844 4273 910 4309 vero
937 4255 1007 4306 a'e'ris
1029 4251 1252 4330 perturbationem

140 4323 307 4380 excitaverat
324 4325 403 4380 stella
420 4325 535 4392 crinita,
553 4326 626 4384 dicta
642 4327 775 4398 acontius,
800 4343 870 4400 quaa
887 4339 1002 4393 uespera
1018 4333 1179 4388 parasceues
1196 4333 1251 4387 prr·
