2802 4636
460 1241 498 1331 L
528 1244 571 1330 A
599 1240 716 1330 ΜΒ
745 1242 782 1340 Ε
814 1241 849 1332 G
880 1245 902 1330 Ι
930 1245 951 1330 1

154 1552 157 1560 ¹
287 1429 633 1508 russrsrto
666 1433 741 1507 so
773 1429 1119 1560 uscuortsru.

600 1679 801 1692 uun—m

150 1855 253 1964 Cum
285 1912 356 1962 anta
389 1899 551 1968 biennium
581 1897 722 1962 Lutetiae
750 1895 940 1961 Parisiorum
966 1917 1106 1979 agerem,
1138 1909 1258 1962 tantum

149 2021 236 2110 apud
268 2043 321 2088 me
352 2035 520 2111 potuerunt
552 2023 694 2088 innatum
726 2023 871 2110 publicae
896 2023 1038 2087 utilitatis
1065 2019 1203 2086 studium
1229 2033 1260 2084 at

150 2146 324 2214 amicorum
360 2148 590 2210 cohortationes
627 2158 659 2208 ct
694 2149 840 2232 example
873 2149 1080 2232 complurium
1113 2145 1259 2211 doctissi-

148 2291 276 2332 morum
299 2271 454 2352 virorum,
482 2280 516 2331 ut
541 2289 700 2336 summum
724 2270 814 2334 natas
838 2289 907 2332 esso
933 2269 1093 2339 crederem
1117 2271 1259 2359 inceptae

148 2393 281 2459 editioni
308 2395 447 2483 corporis
468 2393 615 2458 historiae
634 2391 829 2477 Byzantinac
849 2393 1055 2482 qualicunque
1072 2417 1144 2460 mea
1165 2417 1259 2485 opera

149 2518 270 2584 deesse.
322 2519 463 2608 quaesivi
494 2518 587 2601 igitur
619 2519 670 2584 cui
697 2519 898 2606 potissimum
922 2519 1003 2607 parti
1029 2521 1169 2586 laborem
1196 2522 1258 2586 im-

148 2643 335 2733 penderem,
371 2657 403 2709 et
438 2665 510 2712 cum
541 2647 610 2709 fere
642 2643 749 2708 omnia
778 2645 816 2706 ab
843 2643 914 2707 aliis
940 2657 1164 2734 praeoccupata
1189 2667 1259 2712 esse

149 2770 308 2850 viderem,
334 2767 464 2834 tandem
484 2789 610 2835 mecum
629 2768 764 2850 cogitare
786 2767 877 2856 coepi
899 2789 1013 2857 operae
1034 2771 1169 2857 pretium
1189 2774 1259 2836 iore

150 2897 179 2961 si
204 2897 352 2962 hactenus
376 2893 495 2959 inedita
520 2891 634 2960 Godini
660 2903 805 2982 excerpta
820 2891 872 2958 ¹da
897 2894 1130 2980 antiquitatibus
1152 2893 1260 2984 cpoli-

150 3019 233 3083 tanis
267 3020 301 3084 in
337 3021 497 3109 publicum
530 3014 748 3108 producerem.
803 3029 1018 3107 praeterquam
1055 3022 1140 3085 enim
1176 3019 1260 3108 quod

151 3143 326 3232 pertineant
360 3140 401 3210 att
433 3163 501 3208 rem
532 3153 564 3205 et
595 3143 730 3206 multum
759 3142 839 3206 lucis
864 3144 995 3208 afferant
1017 3145 1166 3210 historiae
1191 3145 1259 3228 By-

151 3270 309 3350 zantium,
338 3269 402 3342 hoc
430 3266 526 3332 ctiam
551 3267 679 3332 uomina
705 3267 758 3333 edi
782 3280 964 3350 merantur,·
983 3268 1067 3356 qnod
1094 3291 1113 3333 a
1138 3271 1258 3352 gravis-

151 3395 240 3459 simis
265 3395 360 3458 huius
387 3405 420 3456 et
443 3392 612 3482 superioris
636 3394 753 3456 saeculi
773 3395 972 3481 scriptoribus
991 3397 1115 3483 saepius
1134 3393 1258 3459 laudata

151 3531 183 3583 et
218 3516 260 3582 ad
296 3519 565 3590 confirmationem
600 3515 764 3582 dubiarum
796 3518 981 3604 opinionum
1014 3517 1156 3584 adhibita
1188 3519 1259 3583 sint.

151 3643 269 3706 etenim
293 3641 429 3709 Ioannes
454 3640 661 3708 Lennclavius
684 3642 719 3705 in
742 3640 908 3708 Pandectis
933 3645 1083 3709 historiae
1108 3643 1259 3708 Turcicaa

152 3767 223 3831 libri
248 3765 289 3830 de
314 3764 465 3832 aediliciis
490 3765 741 3855 frequentissima
764 3769 959 3834 mentionem
981 3769 1075 3851 facit3
1105 3781 1137 3834 et
1163 3789 1258 3857 quae-

153 3914 273 3980 cunque
296 3891 445 3960 Nicolaus
469 3891 658 3957 Alamannus
683 3891 855 3959 actissuis
879 3895 915 3959 in
939 3894 1128 3983 Procopium
1150 3893 1183 3957 is
1198 3895 1259 3956 τῶν

153 4014 321 4084 &oculitur
343 4017 479 4105 πατρίων
506 4015 557 4083 GP
583 4017 728 4099 inseruit,
760 4017 835 4082 iude
861 4018 1025 4108 desumpta
1050 4029 1131 4082 sunt.
1181 4017 1260 4079 item

154 4141 261 4210 Petrus
302 4143 405 4212 Gilius
439 4167 481 4211 ux
514 4143 690 4234 supradicto
724 4145 805 4209 libro
840 4142 880 4207 de
914 4143 1065 4207 aedificiis
1098 4151 1128 4200 et
1161 4141 1258 4203 altero

155 4265 194 4331 tle
221 4272 329 4336 statuis
355 4273 490 4354 integras
516 4271 724 4360 manuscripsit
743 4271 881 4359 paginas.
934 4278 1052 4330 certum
1071 4281 1194 4346 quoque
1213 4270 1260 4321 est
