2802 4636
520 263 579 330 DE
605 261 742 332 SIGNIS
769 263 829 332 GP.
1169 267 1218 340 67

120 449 271 530 κατεάξας
294 448 310 516 ὅ
334 449 461 535 εὐσεβής
481 450 626 534 βασιλεδς
649 449 835 539 Μαρκιανὸς
856 445 1001 539 ἐχάραξεν
1026 454 1067 530 εἷς
1088 453 1220 544 άργυρία

119 561 173 621 καὶ
190 557 312 638 διένειμε
328 566 391 632 τοῖς
407 555 522 639 πένησι.

219 657 450 745 Ἀρδαβοάρισς
477 659 649 748 στρατηγὸς
679 658 727 723 inl
758 661 814 724 τοῦ
844 652 977 742 μεγάλου
1003 655 1139 736 Λέοντος
1165 668 1221 726 τοῦ

121 763 262 844 εὐσεβοῦς
276 763 442 844 βασιλέως,
466 765 498 829 ἐν
514 773 577 841 τοῖς
597 759 760 854 Θρρκάοις
775 759 912 847 μίρεσιν,
932 755 1129 848 Ἡρωδιανοῦ
1145 763 1220 847 στή-

93 873 175 950 5λην
199 864 294 953 εὗρὼν
320 868 476 954 ἐπίκυρτον
500 865 581 933 πάνυ
606 869 658 931 καὶ
681 875 827 951 παχεῖαν,
852 866 903 930 καὶ
924 868 1086 948 θυμωθείς
1110 866 1161 932 διὰ
1184 867 1220 934 sd

117 971 249 1035 ἀνείδεον
275 970 369 1053 αὐτῆς
377 1019 387 1049 ,
414 971 594 1058 κατέτριψεν
611 967 723 1055 αάτήν·
749 973 783 1036 ἓν
800 970 834 1036 δὲ
852 973 895 1058 τῷ
912 967 1118 1057 καταδραάειν
1135 961 1221 1060 εὗρεν

116 1075 149 1139 ἐν
167 1072 246 1160 αῧτῇ
259 1076 387 1160 χρυσίου
405 1075 509 1160 λίτρας
525 1073 632 1140 ἕκατδν
648 1070 811 1162 τριάκοντα
828 1082 923 1163 τρεῖς,
949 1075 999 1138 καὶ
1017 1073 1127 1140 αὐτίκα
1142 1075 1220 1158 μετά

115 1179 296 1263 προθυμίας
319 1176 505 1260 κατεμήνυσε
521 1181 589 1265 περὶ
606 1177 716 1270 τούτου
733 1184 777 1268 τῷ
793 1183 924 1260 βασιλεῖ.
975 1180 1025 1242 καὶ
1042 1174 1058 1244 ὃ
1076 1177 1221 1261 βασιλεὺς

118 1277 214 1368 εὖριδν
239 1280 383 1366 ἀφορμήν
401 1281 515 1345 ἀνεῖλεν
533 1278 635 1346 αιἰτάν.
684 1283 715 1346 dv
733 1283 766 1346 dd
782 1288 826 1369 τῷ
844 1279 1020 1368 σφάζεσθαι
1037 1279 1221 1370 ὀδυράμενος

70 1389 109 1444 10
117 1383 216 1470 ἔλεγεν
236 1380 359 1461 αοὐδεὶς
379 1381 525 1473 μολύβδῳ
539 1385 666 1473 χρυσίον
682 1385 850 1466 καταμίξας
867 1381 1023 1468 ἐπιζήμιος
1041 1381 1218 1474 εὖρίσκεται,
1234 1394 1256 1450 P
1273 1394 1308 1454 36

116 1483 168 1553 οἷα
192 1485 277 1573 παρά
299 1494 342 1575 τῷ
366 1495 468 1576 κυρτηλ
490 1485 589 1576 τούτῳ
612 1492 735 1570 βασιλεῖ
756 1488 798 1562 είς
821 1487 873 1568 ἐμὲ
893 1488 1117 1570 condideras-’²
1169 1493 1220 1554 καὶ

117 1589 216 1668 οὕτως
240 1587 426 1676 ἀπεκτάνθη.
478 1590 556 1658 ἔνθα
579 1595 630 1656 καί
654 1590 684 1656 οἳ
705 1584 890 1677 διερχόμενοι
907 1590 960 1655 τδν
975 1587 1070 1656 τάιιον
1085 1587 1221 1682 μάλιστα

117 1691 284 1783 φιλόσοφοι
308 1696 343 1760 od
368 1705 431 1774 τοῖς
455 1697 613 1784 προτέροις
636 1703 741 1772 κακοῖς
756 1693 809 1760 τὸν
825 1689 962 1759 θάνατον
984 1693 1220 1783 Ἀρδαβουρίσυ

117 1798 276 1879 ἐνέβαλλον
282 1846 293 1878 ,
333 1799 405 1864 ἀλλ’
442 1799 528 1864 ἕνεκα
561 1805 617 1882 τῆς
649 1796 762 1881 στήλης
790 1793 987 1885 Ἡρωδιανοῦ
1018 1796 1221 1876 καταλύσεως.

69 1900 185 1984 15άμα
216 1903 249 1966 δὲ
278 1905 329 1965 καὶ
354 1901 486 1989 ’Ἀσπαρ
513 1901 529 1968 ὃ
554 1897 833 1988 παραδυναστεάων
855 1905 899 1988 τῷ
922 1897 990 1966 τότε
1013 1903 1064 1965 καί
1087 1900 1223 1988 ἀδελφὸς

117 2005 214 2070 αὐτοῦ
238 2005 294 2068 σὺν
322 2004 406 2092 αὐτῷ
428 2006 463 2069 τδ
488 2007 583 2091 πίρας
602 2005 775 2090 άδελφικῶς
791 2004 929 2081 ίδίξατο·
956 1994 993 2067 οὗ
1009 2005 1061 2068 καὶ
1078 2000 1173 2088 στήλη
1190 2006 1222 2070 ἓν

116 2118 181 2182 τοῖς
200 2105 327 2191 Ταύρου
344 2108 465 2192 μίρεσιν
483 2108 540 2184 ἕως
555 2112 610 2190 τῆς
627 2109 716 2192 δεῦρο
734 2103 859 2186 ἐσώζετο
864 2153 874 2184 ,
899 2108 931 2170 ἓν
948 2108 1033 2194 ’ίππῳ
1050 2108 1222 2192 καθημένη.

116 2211 171 2275 τὸν
188 2207 270 2274 οἶκον
287 2216 341 2274 τοῦ
363 2208 529 2296 ’Ἁστταρος
545 2207 603 2292 εἶχε
620 2211 780 2284 Βασίλειος
798 2204 813 2272 ὃ
831 2206 1111 2295 παρακοιμιάμενος.

219 2312 311 2376 Κατὰ
340 2312 375 2377 τὸ
407 2311 504 2391 δεξιὸν
531 2313 625 2399 μίρος
649 2317 706 2377 τοῦ
731 2307 830 2397 φόρου
855 2315 965 2394 στῆλαι
987 2312 1019 2376 ἓν
1043 2311 1259 2400 μαρμάροιςΒ

69 2425 289 2504 λθπσρῳυροΐς
318 2407 396 2498 ἦσαν
423 2413 541 2482 δώδεκα
548 2464 559 2495 ,
594 2417 645 2480 καὶ
669 2415 808 2502 Σείρηνες
831 2411 949 2480 δώδεκα
956 2463 967 2494 ,
1002 2412 1040 2491 άς
1062 2417 1092 2480 οἳ
1114 2420 1222 2482 πολλοὶ

185 2597 202 2649 l
228 2588 377 2662 ἐχάραξεν]
404 2589 444 2654 είς
466 2586 584 2663 άβολοδρ
604 2586 704 2653 ἐλάσας
726 2593 786 2654 τοῖς
807 2591 951 2660 δημοσίοις
972 2587 1158 2663 προσέθηκεν.
1185 2597 1220 2649 F.

185 2667 203 2717 5
226 2681 254 2732 p.
272 2661 306 2716 85
325 2662 410 2716 Band.
547 2656 594 2715 ἐπὶ
609 2658 723 2724 λέοντος
738 2663 789 2716 τοῦ
804 2659 881 2715 πάνυ
898 2663 930 2716 F.
1070 2663 1086 2720 7
1107 2663 1221 2733 χρυσίον

184 2731 285 2798 λιτρῶν
313 2727 368 2799 ρληί
397 2727 521 2784 τάλαντα
549 2732 584 2784 F.
724 2733 759 2784 10
788 2723 834 2784 ἐπὶ
861 2729 959 2798 ζημίας
984 2726 1127 2798 ήνδρίζετο
1156 2733 1219 2786 Vct.

188 2803 222 2854 15
249 2794 308 2868 άμα
326 2831 361 2842 ω
378 2793 511 2867 ἐδέξατο]
537 2794 584 2854 ὅτε
605 2796 654 2852 καὶ
670 2793 765 2869 άσιταρ
782 2794 833 2853 cdv
850 2794 926 2852 odeat
942 2795 975 2856 τά
991 2796 1078 2870 πέρας
1096 2795 1220 2864 ἐδέξατο.

187 2870 250 2924 Vnt.
356 2869 390 2922 19
410 2888 435 2937 p.
454 2869 488 2922 14
505 2875 533 2921 et
548 2868 582 2921 85
600 2869 684 2923 Band.
789 2861 876 2936 κατά]
895 2862 927 2921 ἐν
944 2863 1032 2938 oleo
1049 2867 1131 2952 δεξιῷ
1145 2865 1221 2937 με’ρει

184 2938 236 2990 τοῦ
261 2932 354 3003 φόρου
378 2939 428 3004 τῆς
450 2931 591 3004 άνοιτολής
612 2935 744 3004 ἐδέξαντο
761 2933 863 3005 στήλας
878 2939 1027 3006 πορφυροῖς
1043 2937 1093 2989 δια
1109 2935 1219 3006 μαρμά-

186 3025 244 3075 ριον
262 3002 299 3075 ιβ’
315 3002 364 3058 καί
380 3007 508 3074 σειρῆνας
524 3003 570 3075 ιβ’.
589 3007 646 3060 CF.

114 3162 178 3216 dine
195 3166 255 3212 octo
273 3160 434 3225 cubitorum,
452 3163 481 3210 et
496 3157 643 3227 quindecim
658 3160 830 3230 longitudine.
864 3160 932 3212 hanc
948 3158 1080 3228 confregit
1094 3158 1153 3228 pias
1170 3159 1219 3213 im·

114 3239 223 3303 perator
241 3227 408 3295 Marcianus,
429 3233 458 3280 et
473 3245 590 3280 nummos
607 3245 640 3280 ex
657 3247 689 3284 ee
706 3247 783 3283 cusos
801 3229 960 3298 pauperibus
979 3228 1126 3282 distribuit.

218 3299 384 3352 Ardaburius
406 3300 557 3366 praefectus
579 3298 687 3350 militnm
708 3299 757 3350 sub
780 3298 870 3351 Leone
887 3315 981 3367 magno
996 3297 1168 3367 imperatore,
1191 3299 1221 3352 iu

115 3369 225 3438 regione
244 3368 374 3433 Thracia,
391 3367 536 3419 Herodiani
553 3373 663 3420 statuam
680 3368 784 3421 invenit
796 3369 932 3422 incurvam
944 3383 1053 3436 prorsus
1066 3374 1094 3420 et
1104 3370 1220 3422 obesam.

116 3455 200 3508 quare
218 3439 275 3491 cius
292 3437 460 3489 deformitate
476 3443 609 3504 permotus
626 3453 683 3489 eam
700 3437 844 3506 confregit3
866 3454 918 3507 quo
936 3439 1007 3492 iacto
1024 3437 1053 3490 in
1069 3454 1102 3489 ea
1118 3439 1222 3492 invenit

115 3510 170 3564 133
194 3508 276 3560 libras
302 3506 367 3560 auri.
401 3507 452 3558 hec
476 3523 540 3558 vero
564 3506 655 3558 statim
678 3523 736 3560 cum
756 3523 850 3576 magno
871 3506 967 3574 gaudio
982 3505 1136 3576 imperatori
1153 3525 1220 3560 nnn-

115 3578 211 3643 tiavit,
237 3577 284 3646 qni
308 3582 414 3643 arrepta
436 3575 574 3628 occasione
595 3575 681 3644 ipsum
703 3593 719 3628 e
740 3576 825 3630 medio
846 3575 961 3629 sustulit.
996 3576 1040 3628 ille
1059 3583 1220 3632 autemeam

114 3649 168 3700 iam
185 3647 394 3710 interficeretur,
417 3645 508 3697 ultima
524 3646 590 3698 hecc
609 3646 691 3698 verba
708 3661 765 3697 curn
782 3643 897 3698 lacrimis
915 3651 944 3698 et
960 3645 1079 3698 lamentis
1095 3647 1223 3717 protulit:

114 3711 210 3768 “nemo
227 3731 354 3784 unquam,
379 3714 425 3782 qui
442 3731 532 3768 aurum
550 3715 654 3783 plumbo
672 3713 824 3779 admiscuit,
847 3731 956 3784 poenam
973 3714 1083 3782 meruit,
1104 3724 1135 3768 ut
1151 3732 1220 3769 nunc

116 3786 180 3838 rnihi
197 3779 317 3837 evcnit.”
351 3783 418 3835 haec
434 3785 481 3836 ubi
497 3783 579 3850 dixit,
597 3784 720 3836 continuo
737 3783 838 3836 occisus
852 3789 903 3838 est.
938 3784 1059 3852 equidem
1071 3783 1221 3856 philosophi

115 3855 176 3908 illac
200 3859 368 3906 transeuntes
386 3869 438 3904 non
455 3853 529 3906 aliam
548 3869 651 3907 causam
666 3853 759 3906 mortis
775 3852 918 3906 Ardaburii
935 3853 1017 3906 luisse
1034 3862 1127 3925 putant
1142 3868 1219 3922 quam

116 3923 308 3977 demolitionem
328 3929 431 3974 statuae
447 3921 600 3975 Herodiani,
635 3922 711 3976 simul
728 3921 806 3975 etiam
823 3938 880 3974 cum
895 3921 1043 3976 Ardaburio
1060 3923 1148 3992 Aspar
1163 3921 1220 3973 eins

115 3995 200 4046 irater
218 4001 246 4046 et
262 3993 363 4060 college
379 3993 564 4061 praefecturae
580 3993 698 4044 fraterne
716 3993 795 4060 plane
812 3991 896 4044 animo
911 3999 1021 4046 mortem
1037 3993 1119 4053 obiit;
1144 3991 1220 4042 cuius

117 4067 207 4115 statua
233 4062 362 4130 equestris
387 4061 415 4112 in
441 4061 561 4114 Teurina
582 4062 692 4130 regione
715 4061 789 4114 erbis
811 4061 946 4145 hucusque
963 4061 1068 4129 integra
1085 4067 1218 4112 servetur.

116 4131 219 4184 domum
237 4147 302 4183 vero
319 4131 430 4200 Asperis
446 4139 538 4199 postea
554 4131 673 4200 possedit
689 4131 800 4186 Basilius
818 4132 962 4187 accubitor.

220 4199 261 4251 Ad
284 4200 401 4253 dextram
423 4201 476 4252 fori
498 4209 600 4270 partem
620 4207 725 4254 statuae
748 4201 889 4266 duodecim¹
905 4217 939 4252 ex
960 4209 1086 4250 marmore
1101 4195 1218 4263 porphy-

115 4268 201 4322 retico
224 4274 314 4335 erant,
341 4276 370 4322 et
388 4270 495 4324 tetidem
513 4270 621 4326 Snenes
638 4272 789 4339 inauratae,
814 4287 880 4339 quas
899 4269 992 4334 vulgus
1008 4277 1090 4330 equos
1105 4264 1219 4318 marinos
