2814 4608
196 225 272 298 240
503 217 682 290 amusan
706 219 765 288 ΕΤ
788 219 994 288 LdlllBECll

358 403 431 493 τῇδε
449 395 544 468 πάλιν
564 405 679 485 χαλκοῦ
697 425 730 466 τε
749 399 803 466 καλ
822 394 957 486 οίργιίροα
978 397 1153 484 taedam.

400 488 531 570 πρέσβυ,
554 484 593 554 ct
615 485 650 551 dl
672 488 779 564 ξείνων
800 478 947 562 descritur
966 483 1084 570 γεροίοιν

358 571 460 656 δήμου
481 570 537 654 μὲν
558 569 709 656 βοόωνιος
729 572 793 648 ἕλες
812 575 997 656 παλίνορσον
1019 566 1188 655 ἱμάσθλην,

397 657 439 734 είς
460 657 493 723 δὲ
515 657 563 734 δίς
584 653 719 741 ἡβήσας,
744 659 864 739 μαίνεαι
884 658 918 722 ίν
939 659 1083 733 σταδίοις.

191 747 242 810 hio
263 741 448 826 Porphyrius
469 745 609 805 factionis
630 747 762 806 Venetae
783 746 888 824 aurIga
905 746 932 804 is
952 754 1013 820 eat,
1036 763 1128 826 quem
1142 761 1307 824 perperam

192 833 325 896 Codinus
346 832 578 891 Constantinum
596 849 743 910 magnum
763 840 853 892 vocat
872 839 904 889 at
924 831 963 890 ob
986 828 1141 890 devictum
1159 831 1307 890 Azetium

190 921 290 980 fausta
317 919 532 978 acclamatione
560 927 724 996 exceptum
752 918 804 980 ait.
845 917 913 996 ipsa
931 915 1025 976 verba
1043 916 1128 976 illius
1150 916 1306 975 acclama-

189 1007 282 1066 tionis
303 1006 495 1064 continentur
513 1002 622 1064 ultimo
640 999 768 1061 disticho
784 1002 866 1061 citati
881 1001 1117 1082 epigrammatis.
1161 1003 1305 1062 Azotium

189 1111 262 1151 vero
290 1090 430 1167 intelligo
456 1089 598 1148 Prasinae
622 1089 762 1148 factionis
784 1089 935 1166 aurigam,
967 1088 1022 1169 qui
1042 1105 1113 1146 cum
1130 1084 1303 1168 Porphyrio

191 1175 229 1236 de
250 1177 349 1258 palma
371 1175 564 1234 concertavit.
605 1175 746 1234 similiter
767 1171 961 1252 corrigendus
982 1183 1014 1232 et
1033 1171 1233 1232 illustrandus
1255 1183 1303 1234 est

189 1261 317 1338 Suidas,
350 1262 404 1342 qui
433 1281 488 1320 suo
515 1279 601 1318 more
628 1279 665 1318 ea
694 1278 772 1340 quae
798 1257 849 1316 hic
876 1261 957 1338 apud
977 1257 1129 1318 Codinum
1148 1260 1302 1338 legrmtur,

188 1347 299 1410 iisdem
321 1347 444 1406 omnino
465 1346 564 1406 verbis
586 1346 686 1404 lexico
706 1363 760 1404 suo
777 1345 944 1422 insarcivit,
964 1365 1039 1405 voce
1054 1345 1165 1424 μίλιον.
1195 1347 1302 1407 Lanu.

275 1454 305 1514 p.
327 1429 370 1496 40
390 1449 419 1492 v.
442 1433 471 1494 6.
514 1441 630 1490 statuae
658 1432 809 1490 Fortunae
838 1431 921 1490 urbis
950 1439 981 1489 et
1008 1447 1156 1510 pompae,
1185 1448 1246 1510 qua
1266 1430 1301 1488 in

189 1519 323 1579 tribunal
341 1515 541 1598 Hippodromi
561 1515 781 1594 deducebatur,
803 1517 944 1574 meminit
967 1517 1034 1596 ipss
1054 1513 1191 1576 Codinus
1211 1536 1243 1595 p.
1259 1517 1299 1582 59

189 1625 219 1672 v.
232 1606 271 1669 15
283 1622 350 1685 sqq.
385 1613 547 1684 utrumque
562 1601 671 1662 Cadini
683 1603 787 1662 locum
800 1603 975 1682 plenissime
986 1603 1119 1661 illustrat
1128 1599 1300 1661 Chronicon

188 1690 432 1750 Alexandrinum
457 1709 490 1768 p.
518 1688 581 1752 530
616 1693 637 1752 2
673 1685 723 1746 ed.
751 1690 849 1747 Bonn.
884 1689 939 1747 nbi
965 1688 1197 1748 Constantinum
1226 1685 1302 1747 dicit

189 1785 309 1858 praeter
335 1773 424 1832 illam
444 1783 576 1842 statuam
595 1770 824 1854 porphyreticae
846 1774 1005 1834 columnae
1024 1775 1095 1833 Fori
1113 1773 1300 1852 impositam,

190 1863 282 1920 aliam
309 1859 368 1920 sibi
392 1860 501 1918 fecisse
524 1879 565 1918 ex
583 1879 751 1934 marmore,
782 1856 889 1918 dextra
911 1869 1083 1938 gestantem
1102 1859 1300 1918 simulacrum
1390 1871 1391 1880 ³

189 1957 329 2006 auratum
348 1947 498 2004 Fortunae
519 1945 602 2006 urbis
623 1945 817 2026 Cpolitanae,
849 1955 940 2026 atque
967 1945 1156 2006 constituisse
1178 1953 1213 2003 nt
1230 1943 1300 2004 im-

187 2043 344 2114 posterum
365 2033 525 2113 quotannis
547 2029 596 2090 die
617 2031 700 2090 urbis
718 2030 814 2089 natali
834 2048 870 2088 ea
887 2039 987 2090 statua
1002 2031 1037 2088 in
1055 2027 1300 2111 Hippcdromum

188 2117 351 2198 spectanda
373 2116 588 2194 deduceretur,
617 2117 754 2176 exercitu
774 2125 804 2175 et
825 2116 940 2175 civibus
962 2117 1183 2176 comitantibus.
1224 2114 1299 2175 inda

188 2205 282 2282 igitur
307 2211 390 2282 patet
417 2201 539 2260 theama
562 2221 617 2261 seu
637 2204 860 2282 spectaculum,
892 2199 975 2284 quod
995 2199 1143 2262 hocloco
1164 2198 1298 2262 Codinus

189 2287 348 2362 describit,
375 2287 468 2345 fuisse
489 2295 621 2344 statuam
642 2289 831 2346 Constantini
850 2289 970 2367 magni,
992 2289 1088 2368 capite
1109 2285 1226 2347 radiato
1246 2289 1298 2346 in-

188 2382 250 2432 star
270 2371 358 2448 solis,
387 2369 568 2450 quadrigam
588 2371 768 2450 agitantem,
797 2383 994 2458 porrectaque
1014 2371 1123 2432 dextra
1141 2375 1298 2434 sustinen-

188 2468 252 2517 tem
279 2455 476 2516 simulacrum
505 2457 645 2514 fcrtunae
671 2458 754 2517 urbis
781 2457 966 2537 Cpolitanae.
1006 2457 1087 2540 quod
1115 2456 1182 2516 dixi
1211 2460 1298 2519 Con·

188 2543 314 2604 stantini
341 2543 446 2618 magni
473 2550 604 2600 statuam
634 2542 747 2618 fuisse,
776 2545 939 2606 manifesto
968 2553 1090 2603 testatur
1117 2540 1300 2604 chronicon

187 2625 448 2702 Alexandrinum,
486 2626 582 2686 fuisso
616 2625 777 2704 figuratam
810 2629 906 2688 instar
938 2630 1009 2690 solis
1037 2627 1133 2710 capite
1161 2625 1299 2706 radiato,

188 2711 300 2774 Codini
325 2709 401 2772 haec
427 2711 520 2773 verba
546 2710 696 2786 indicant,
726 2707 791 2776 v‘rcd
818 2711 908 2794 ἡλίου
935 2709 1116 2798 φερόμενονι
1143 2713 1189 2773 ibi
1213 2718 1298 2774 enim

188 2821 245 2882 per
273 2799 371 2860 solem
397 2795 596 2878 intelligenda
622 2809 669 2859 est
694 2799 885 2861 Constantini
905 2811 1006 2862 statua
1024 2803 1119 2862 instar
1140 2800 1233 2878 solis,
1263 2813 1298 2861 ut

188 2887 271 2963 dixi,
311 2887 410 2968 capite
443 2883 559 2945 radiato
591 2885 735 2946 formata.
775 2886 819 2944 ita
847 2887 882 2946 in
913 2889 1056 2948 columna
1083 2885 1297 2968 porphyretica
1388 2875 1389 2934 l

187 2973 248 3032 fori
279 2973 432 3032 visebatur
460 2971 674 3031 Constantinus
705 2965 756 3035 dcci
782 2967 837 3045 τολς
856 2971 890 3035 ἐν
910 2977 951 3058 ιη’
969 2977 1090 3056 κεφαλῇ
1110 2965 1236 3048 οἷιιτῖνας
1256 2971 1297 3047 cia

185 3053 275 3138 ἣλιος
300 3062 365 3130 τοῖς
389 3056 525 3130 πολίταις
552 3051 730 3136 ἐκλάμπον,
758 3067 794 3116 ut
819 3057 910 3117 refert
935 3059 1029 3140 paulo
1055 3069 1126 3140 post
1152 3056 1295 3133 Codinus,

186 3142 241 3200 ubi
269 3142 368 3220 agitur
395 3140 433 3200 de
460 3143 601 3201 columna
621 3145 688 3203 fori.
729 3143 837 3203 visitur
857 3145 950 3204 etiam
967 3146 1001 3202 in
1022 3145 1140 3226 aliquot
1158 3146 1294 3204 nummis

187 3227 319 3306 antiquis
341 3227 557 3288 Constantinus
576 3225 785 3308 ηλιοκίφαλος.
828 3229 910 3310 quod
929 3239 1085 3312 praeterea
1104 3230 1187 3306 dixi,
1212 3227 1294 3288 hanc

186 3311 377 3372 Constantini
411 3322 543 3373 statuam
576 3311 756 3396 quadrigam
790 3315 920 3395 agitasse
953 3326 1152 3398 porrectaque
1187 3313 1295 3374 dextre

186 3398 365 3458 sustinuisse
385 3400 589 3477 victoriolam,
610 3419 652 3458 ex
672 3397 721 3460 his
739 3397 847 3460 Codini
862 3403 963 3462 verbis
980 3403 1113 3478 elicitur,
1136 3399 1189 3464 καί
1204 3400 1294 3464 ἵπποι

186 3487 407 3564 χροσολομπεῖς
432 3483 586 3567 τέσσαρες,
613 3483 666 3548 καλ
694 3480 882 3569 διφρηλάιης
908 3486 959 3552 ἐπί
983 3491 1042 3551 τοῦ
1066 3487 1180 3570 δίφρον
1201 3485 1236 3550 ἐν
1256 3492 1296 3572 τῇ
1387 3493 1388 3569 ζ

187 3569 272 3656 δεξιᾷ
300 3568 402 3653 φέρων
430 3568 506 3651 χειρὶ
534 3569 700 3651 οιηλοειδίς
724 3595 754 3634 τι
778 3568 913 3656 ἄγαλμα,
940 3568 1014 3655 ὅπερ
1035 3570 1079 3648 νίς
1097 3569 1297 3654 προεμρᾶφει,

187 3656 231 3730 είς
251 3649 344 3737 τύχην
364 3659 419 3736 τοῖς
437 3651 555 3733 πόλεως
570 3654 589 3720 d
605 3655 696 3739 μέγας
714 3661 945 3733 Κοινστανεῖνος
961 3657 1091 3740 ἐτίμησε.
1133 3676 1226 3739 quem
1244 3656 1296 3716 bic

184 3737 316 3800 Godinus
337 3737 527 3823 διφρηλάτην
547 3761 602 3802 seu
621 3745 758 3824 aurigam
775 3753 878 3822 vocat,
897 3747 965 3824 ipse
985 3755 1050 3804 erat
1068 3744 1295 3818 Constantinus,

184 3823 300 3888 vehens
333 3845 421 3887 curru
447 3825 663 3909 quadrigarum
690 3839 721 3888 et
748 3827 855 3890 dextra
876 3841 997 3910 gestans
1020 3847 1149 3910 parvum
1169 3827 1295 3910 aliquod

184 3913 395 3988 simulacrum,
428 3912 511 3993 quod
538 3915 654 3974 cultum
681 3915 774 3974 farine
803 3918 846 3975 ait
871 3935 926 3996 pro
954 3917 1051 3976 Genio
1080 3935 1136 3976 seu
1160 3917 1295 3975 Fortuna
1386 3939 1387 3942 ¹

183 3997 279 4057 urbis.
321 3993 377 4056 sed
403 3999 566 4057 verisimile
592 3996 670 4057 mihi
694 3999 828 4074 videtur,
858 4019 951 4083 quam
972 4000 1107 4063 Codinus
1128 4002 1295 4061 Fortunam

185 4081 268 4142 urbis
295 4090 398 4154 vocat,
426 4079 521 4138 fuisse
545 4083 749 4143 Victoriolam.
789 4086 833 4144 ita
851 4089 885 4144 in
905 4107 1032 4148 nummo
1054 4085 1190 4169 quodam
1212 4088 1295 4146 anti-

186 4179 247 4239 quo
269 4165 449 4247 conspicitur
468 4167 545 4223 Nero
565 4167 729 4246 imperator
748 4167 912 4250 quadrigae
931 4175 1093 4249 insistens,
1118 4182 1151 4232 et
1170 4173 1295 4232 sinistra

186 4249 337 4325 palmam,
359 4249 466 4310 dextra
485 4249 647 4312 Victoriam
667 4265 773 4314 tenens
793 4257 895 4334 ipsum
915 4270 1118 4322 coronantem.
1161 4259 1271 4322 nsua.
