<?xml version="1.0" encoding="UTF-8"?>
<!DOCTYPE html PUBLIC "-//W3C//DTD XHTML 1.0 Transitional//EN"
    "http://www.w3.org/TR/xhtml1/DTD/xhtml1-transitional.dtd">
<html xmlns="http://www.w3.org/1999/xhtml" xml:lang="en" lang="en">
 <head>
  <title>
</title>
<meta http-equiv="Content-Type" content="text/html;charset=utf-8" />
  <meta name='ocr-system' content='tesseract 3.04.00' />
  <meta name='ocr-capabilities' content='ocr_page ocr_carea ocr_par ocr_line ocrx_word'/>
</head>
<body>
  <div class='ocr_page' id='page_1' title='image "./excerptadeantiq00codigoog_0110.png"; bbox 0 0 2808 4616; ppageno 0'>
   <div class='ocr_carea' id='block_1_1' title="bbox 459 267 1208 372">
    <p class='ocr_par' dir='ltr' id='par_1_1' title="bbox 459 267 1208 372">
     <span class='ocr_line' id='line_1_1' title="bbox 459 267 1208 372; baseline 0.015 -34"><span class='ocrx_word' id='word_1_1' title='bbox 459 272 518 338; x_wconf 81' lang='lat' dir='ltr'><strong><em>ou</em></strong></span> <span class='ocrx_word' id='word_1_2' title='bbox 543 267 768 338; x_wconf 75' lang='lat' dir='ltr'><strong>orourcus</strong></span> <span class='ocrx_word' id='word_1_3' title='bbox 795 271 855 341; x_wconf 82' lang='lat' dir='ltr'><strong>er.</strong></span> <span class='ocrx_word' id='word_1_4' title='bbox 1157 275 1208 372; x_wconf 84' lang='lat' dir='ltr'><strong><em>oa</em></strong></span> 
     </span>
    </p>
   </div>
   <div class='ocr_carea' id='block_1_2' title="bbox 52 454 1248 2722">
    <p class='ocr_par' dir='ltr' id='par_1_2' title="bbox 81 454 1211 1068">
     <span class='ocr_line' id='line_1_2' title="bbox 105 454 1209 550; baseline 0 -18"><span class='ocrx_word' id='word_1_5' title='bbox 105 463 265 532; x_wconf 88' lang='grc' dir='ltr'><strong><em>σταντίνου</em></strong></span> <span class='ocrx_word' id='word_1_6' title='bbox 281 465 336 528; x_wconf 83' lang='grc' dir='ltr'><strong><em>τοῦ</em></strong></span> <span class='ocrx_word' id='word_1_7' title='bbox 351 460 535 543; x_wconf 85' lang='grc' dir='ltr'><strong><em>καβαλλίνου</em></strong></span> <span class='ocrx_word' id='word_1_8' title='bbox 543 508 553 538; x_wconf 90' lang='grc'>,</span> <span class='ocrx_word' id='word_1_9' title='bbox 579 456 662 536; x_wconf 81' lang='grc' dir='ltr'><strong><em>ὅστις</em></strong></span> <span class='ocrx_word' id='word_1_10' title='bbox 684 454 880 542; x_wconf 71' lang='grc' dir='ltr'><strong><em>ἐπεβούλευεν</em></strong></span> <span class='ocrx_word' id='word_1_11' title='bbox 896 457 981 548; x_wconf 75' lang='grc' dir='ltr'><strong><em>αὐτῷ</em></strong></span> <span class='ocrx_word' id='word_1_12' title='bbox 996 463 1048 526; x_wconf 84' lang='grc' dir='ltr'><strong><em>καλ</em></strong></span> <span class='ocrx_word' id='word_1_13' title='bbox 1064 461 1209 550; x_wconf 83' lang='grc' dir='ltr'><strong><em>ἐκράτησε</em></strong></span> 
     </span>
     <span class='ocr_line' id='line_1_3' title="bbox 106 559 1209 654; baseline 0.003 -21"><span class='ocrx_word' id='word_1_14' title='bbox 106 576 161 654; x_wconf 80' lang='grc' dir='ltr'><strong><em>τῆς</em></strong></span> <span class='ocrx_word' id='word_1_15' title='bbox 177 567 332 650; x_wconf 78' lang='grc' dir='ltr'><strong><em>βασιλείας</em></strong></span> <span class='ocrx_word' id='word_1_16' title='bbox 344 562 476 652; x_wconf 88' lang='grc' dir='ltr'><strong><em>χρόνους</em></strong></span> <span class='ocrx_word' id='word_1_17' title='bbox 491 573 586 652; x_wconf 86' lang='grc' dir='ltr'><strong><em>τρεῖς,</em></strong></span> <span class='ocrx_word' id='word_1_18' title='bbox 604 559 772 650; x_wconf 74' lang='grc' dir='ltr'><strong><em>ἐτυφλώθη</em></strong></span> <span class='ocrx_word' id='word_1_19' title='bbox 790 565 824 628; x_wconf 84' lang='grc' dir='ltr'><strong><em>δέ</em></strong></span> <span class='ocrx_word' id='word_1_20' title='bbox 840 562 925 651; x_wconf 84' lang='grc' dir='ltr'><strong><em>παρά</em></strong></span> <span class='ocrx_word' id='word_1_21' title='bbox 939 569 995 630; x_wconf 84' lang='grc' dir='ltr'><strong><em>τοῦ</em></strong></span> <span class='ocrx_word' id='word_1_22' title='bbox 1007 567 1209 654; x_wconf 84' lang='grc' dir='ltr'><strong><em>κοπρωνάμου</em></strong></span> 
     </span>
     <span class='ocr_line' id='line_1_4' title="bbox 106 664 1211 754; baseline 0 -16"><span class='ocrx_word' id='word_1_23' title='bbox 106 669 292 754; x_wconf 78' lang='grc' dir='ltr'><strong><em>ἡττήσαντος</em></strong></span> <span class='ocrx_word' id='word_1_24' title='bbox 318 669 411 733; x_wconf 75' lang='grc' dir='ltr'><strong><em>αὐτὸν</em></strong></span> <span class='ocrx_word' id='word_1_25' title='bbox 436 671 488 732; x_wconf 79' lang='grc' dir='ltr'><strong><em>καὶ</em></strong></span> <span class='ocrx_word' id='word_1_26' title='bbox 512 673 567 751; x_wconf 82' lang='grc' dir='ltr'><strong><em>τῆς</em></strong></span> <span class='ocrx_word' id='word_1_27' title='bbox 588 669 744 749; x_wconf 77' lang='grc' dir='ltr'><strong><em>βασιλείας</em></strong></span> <span class='ocrx_word' id='word_1_28' title='bbox 760 665 853 732; x_wconf 85' lang='grc' dir='ltr'><strong><em>πάλιν</em></strong></span> <span class='ocrx_word' id='word_1_29' title='bbox 869 665 1095 754; x_wconf 78' lang='grc' dir='ltr'><strong><em>κρατήσαντος,</em></strong></span> <span class='ocrx_word' id='word_1_30' title='bbox 1122 664 1211 751; x_wconf 73' lang='grc' dir='ltr'><strong><em>οὗτος</em></strong></span> 
     </span>
     <span class='ocr_line' id='line_1_5' title="bbox 107 769 1211 863; baseline 0.003 -23"><span class='ocrx_word' id='word_1_31' title='bbox 107 777 231 858; x_wconf 83' lang='grc' dir='ltr'><strong><em>ἀκίνητα</em></strong></span> <span class='ocrx_word' id='word_1_32' title='bbox 247 772 346 836; x_wconf 80' lang='grc' dir='ltr'><strong><em>πολλὰ</em></strong></span> <span class='ocrx_word' id='word_1_33' title='bbox 362 769 502 856; x_wconf 79' lang='grc' dir='ltr'><strong><em>κτήματα</em></strong></span> <span class='ocrx_word' id='word_1_34' title='bbox 519 769 687 857; x_wconf 72' lang='grc' dir='ltr'><strong><em>ἐπεκύρωσε</em></strong></span> <span class='ocrx_word' id='word_1_35' title='bbox 704 777 749 858; x_wconf 77' lang='grc' dir='ltr'><strong><em>τῷ</em></strong></span> <span class='ocrx_word' id='word_1_36' title='bbox 765 770 888 859; x_wconf 75' lang='grc' dir='ltr'><strong><em>ῥηθέντι</em></strong></span> <span class='ocrx_word' id='word_1_37' title='bbox 904 775 1107 863; x_wconf 84' lang='grc' dir='ltr'><strong><em>γηροκομείρι,</em></strong></span> <span class='ocrx_word' id='word_1_38' title='bbox 1132 774 1211 842; x_wconf 85' lang='grc' dir='ltr'><strong><em>διότι</em></strong></span> 
     </span>
     <span class='ocr_line' id='line_1_6' title="bbox 81 868 1209 967; baseline -0.002 -19"><span class='ocrx_word' id='word_1_39' title='bbox 81 877 189 954; x_wconf 82' lang='grc' dir='ltr'><strong><em>5οἶκος</em></strong></span> <span class='ocrx_word' id='word_1_40' title='bbox 206 876 300 942; x_wconf 64' lang='lat' dir='ltr'><strong>uduo&amp;</strong></span> <span class='ocrx_word' id='word_1_41' title='bbox 318 877 411 941; x_wconf 87' lang='grc' dir='ltr'><strong><em>ἐκεῖσε</em></strong></span> <span class='ocrx_word' id='word_1_42' title='bbox 428 868 474 959; x_wconf 78' lang='grc' dir='ltr'><strong><em>ἦν.</em></strong></span> <span class='ocrx_word' id='word_1_43' title='bbox 525 875 601 957; x_wconf 78' lang='grc' dir='ltr'><strong><em>μετὰ</em></strong></span> <span class='ocrx_word' id='word_1_44' title='bbox 620 877 654 940; x_wconf 81' lang='grc' dir='ltr'><strong><em>δὲ</em></strong></span> <span class='ocrx_word' id='word_1_45' title='bbox 670 873 721 942; x_wconf 78' lang='grc' dir='ltr'><strong><em>σπ’</em></strong></span> <span class='ocrx_word' id='word_1_46' title='bbox 740 874 790 960; x_wconf 74' lang='grc' dir='ltr'><strong><em>ίτη</em></strong></span> <span class='ocrx_word' id='word_1_47' title='bbox 808 881 863 960; x_wconf 81' lang='grc' dir='ltr'><strong><em>τῆς</em></strong></span> <span class='ocrx_word' id='word_1_48' title='bbox 875 878 1000 954; x_wconf 81' lang='grc' dir='ltr'><strong><em>κτίσεως</em></strong></span> <span class='ocrx_word' id='word_1_49' title='bbox 1011 885 1067 942; x_wconf 82' lang='grc' dir='ltr'><strong><em>τοῦ</em></strong></span> <span class='ocrx_word' id='word_1_50' title='bbox 1079 904 1209 967; x_wconf 89' lang='grc' dir='ltr'><strong><em>γηροκο-</em></strong></span> 
     </span>
     <span class='ocr_line' id='line_1_7' title="bbox 100 971 535 1068; baseline -0.005 -22"><span class='ocrx_word' id='word_1_51' title='bbox 100 983 187 1064; x_wconf 85' lang='grc' dir='ltr'><strong><em>μείου</em></strong></span> <span class='ocrx_word' id='word_1_52' title='bbox 204 971 277 1063; x_wconf 76' lang='grc' dir='ltr'><strong><em>ἧνὸ</em></strong></span> <span class='ocrx_word' id='word_1_53' title='bbox 301 977 535 1068; x_wconf 82' lang='grc' dir='ltr'><strong><em>Ἀρτάβασδος.</em></strong></span> 
     </span>
    </p>

    <p class='ocr_par' dir='ltr' id='par_1_3' title="bbox 98 1080 1248 1377">
     <span class='ocr_line' id='line_1_8' title="bbox 205 1080 1248 1171; baseline 0.005 -23"><span class='ocrx_word' id='word_1_54' title='bbox 205 1083 290 1159; x_wconf 86' lang='grc' dir='ltr'><strong><em>Τοδς</em></strong></span> <span class='ocrx_word' id='word_1_55' title='bbox 314 1083 348 1147; x_wconf 79' lang='grc' dir='ltr'><strong><em>δὲ</em></strong></span> <span class='ocrx_word' id='word_1_56' title='bbox 369 1083 474 1169; x_wconf 80' lang='grc' dir='ltr'><strong><em>κριοὺς</em></strong></span> <span class='ocrx_word' id='word_1_57' title='bbox 497 1082 553 1166; x_wconf 84' lang='grc' dir='ltr'><strong><em>τὴν</em></strong></span> <span class='ocrx_word' id='word_1_58' title='bbox 575 1080 868 1168; x_wconf 78' lang='grc' dir='ltr'><strong><em>κινστέρνανκαλτδ</em></strong></span> <span class='ocrx_word' id='word_1_59' title='bbox 886 1093 1084 1171; x_wconf 85' lang='grc' dir='ltr'><strong><em>γηροκομεῖον</em></strong></span> <span class='ocrx_word' id='word_1_60' title='bbox 1102 1087 1205 1152; x_wconf 80' lang='grc' dir='ltr'><strong><em>καὶτὸ</em></strong></span> <span class='ocrx_word' id='word_1_61' title='bbox 1224 1098 1248 1152; x_wconf 83' lang='lat' dir='ltr'><strong>c</strong></span> 
     </span>
     <span class='ocr_line' id='line_1_9' title="bbox 100 1183 1208 1275; baseline 0.004 -23"><span class='ocrx_word' id='word_1_62' title='bbox 100 1193 202 1271; x_wconf 82' lang='grc' dir='ltr'><strong><em>λοῦμα</em></strong></span> <span class='ocrx_word' id='word_1_63' title='bbox 219 1187 254 1252; x_wconf 88' lang='grc' dir='ltr'><strong><em>τδ</em></strong></span> <span class='ocrx_word' id='word_1_64' title='bbox 274 1183 309 1252; x_wconf 80' lang='grc' dir='ltr'><strong><em>δν</em></strong></span> <span class='ocrx_word' id='word_1_65' title='bbox 328 1188 369 1262; x_wconf 82' lang='grc' dir='ltr'><strong><em>είς</em></strong></span> <span class='ocrx_word' id='word_1_66' title='bbox 385 1186 425 1252; x_wconf 84' lang='grc' dir='ltr'><strong><em>τά</em></strong></span> <span class='ocrx_word' id='word_1_67' title='bbox 445 1183 623 1272; x_wconf 75' lang='grc' dir='ltr'><strong><em>Ἀρματίου</em></strong></span> <span class='ocrx_word' id='word_1_68' title='bbox 648 1184 744 1251; x_wconf 76' lang='grc' dir='ltr'><strong><em>ἐκτισε</em></strong></span> <span class='ocrx_word' id='word_1_69' title='bbox 762 1185 919 1272; x_wconf 73' lang='grc' dir='ltr'><strong><em>Στέφανος</em></strong></span> <span class='ocrx_word' id='word_1_70' title='bbox 935 1186 1208 1275; x_wconf 83' lang='grc' dir='ltr'><strong><em>παρακοιμάμενος</em></strong></span> 
     </span>
     <span class='ocr_line' id='line_1_10' title="bbox 98 1287 1208 1377; baseline 0.003 -21"><span class='ocrx_word' id='word_1_71' title='bbox 98 1292 281 1377; x_wconf 87' lang='grc' dir='ltr'><strong><em>Μαυρικίου</em></strong></span> <span class='ocrx_word' id='word_1_72' title='bbox 305 1297 361 1354; x_wconf 86' lang='grc' dir='ltr'><strong><em>τοῦ</em></strong></span> <span class='ocrx_word' id='word_1_73' title='bbox 384 1290 549 1370; x_wconf 77' lang='grc' dir='ltr'><strong><em>βασιλέως,</em></strong></span> <span class='ocrx_word' id='word_1_74' title='bbox 575 1288 653 1370; x_wconf 85' lang='grc' dir='ltr'><strong><em>μετά</em></strong></span> <span class='ocrx_word' id='word_1_75' title='bbox 680 1287 799 1354; x_wconf 84' lang='grc' dir='ltr'><strong><em>δώδεκα</em></strong></span> <span class='ocrx_word' id='word_1_76' title='bbox 819 1288 952 1376; x_wconf 89' lang='grc' dir='ltr'><strong><em>χρόνους</em></strong></span> <span class='ocrx_word' id='word_1_77' title='bbox 972 1299 1029 1376; x_wconf 83' lang='grc' dir='ltr'><strong><em>τῆς</em></strong></span> <span class='ocrx_word' id='word_1_78' title='bbox 1050 1296 1208 1375; x_wconf 84' lang='grc' dir='ltr'><strong><em>βασιλείας</em></strong></span> 
     </span>
    </p>

    <p class='ocr_par' dir='ltr' id='par_1_4' title="bbox 58 1389 824 1479">
     <span class='ocr_line' id='line_1_11' title="bbox 58 1389 824 1479; baseline -0.005 -19"><span class='ocrx_word' id='word_1_79' title='bbox 58 1405 91 1460; x_wconf 90' lang='grc'><strong><em>10</em></strong></span> <span class='ocrx_word' id='word_1_80' title='bbox 99 1395 199 1461; x_wconf 79' lang='grc' dir='ltr'><strong><em>αὐτοῦ</em></strong></span> <span class='ocrx_word' id='word_1_81' title='bbox 203 1442 214 1473; x_wconf 86' lang='grc'>,</span> <span class='ocrx_word' id='word_1_82' title='bbox 240 1395 291 1457; x_wconf 81' lang='grc' dir='ltr'><strong><em>καὶ</em></strong></span> <span class='ocrx_word' id='word_1_83' title='bbox 308 1392 361 1457; x_wconf 84' lang='grc' dir='ltr'><strong><em>τὸν</em></strong></span> <span class='ocrx_word' id='word_1_84' title='bbox 378 1389 460 1458; x_wconf 77' lang='grc' dir='ltr'><strong><em>οἷκον</em></strong></span> <span class='ocrx_word' id='word_1_85' title='bbox 477 1390 572 1460; x_wconf 63' lang='lat' dir='ltr'><strong>odeo&amp;</strong></span> <span class='ocrx_word' id='word_1_86' title='bbox 588 1391 660 1458; x_wconf 88' lang='grc' dir='ltr'><strong><em>ναδν</em></strong></span> <span class='ocrx_word' id='word_1_87' title='bbox 677 1390 824 1479; x_wconf 78' lang='grc' dir='ltr'><strong><em>ἀνήγειρε.</em></strong></span> 
     </span>
    </p>

    <p class='ocr_par' dir='ltr' id='par_1_5' title="bbox 94 1490 1208 1896">
     <span class='ocr_line' id='line_1_12' title="bbox 205 1490 1207 1584; baseline 0.006 -24"><span class='ocrx_word' id='word_1_88' title='bbox 205 1496 252 1562; x_wconf 89' lang='grc' dir='ltr'><strong><em>Τδ</em></strong></span> <span class='ocrx_word' id='word_1_89' title='bbox 277 1498 311 1562; x_wconf 76' lang='grc' dir='ltr'><strong><em>δὲ</em></strong></span> <span class='ocrx_word' id='word_1_90' title='bbox 334 1494 520 1579; x_wconf 73' lang='grc' dir='ltr'><strong><em>καλούμενον</em></strong></span> <span class='ocrx_word' id='word_1_91' title='bbox 543 1501 669 1581; x_wconf 76' lang='grc' dir='ltr'><strong><em>Ζεῖγμα</em></strong></span> <span class='ocrx_word' id='word_1_92' title='bbox 694 1495 774 1560; x_wconf 83' lang='grc' dir='ltr'><strong><em>κατά</em></strong></span> <span class='ocrx_word' id='word_1_93' title='bbox 795 1490 907 1581; x_wconf 82' lang='grc' dir='ltr'><strong><em>τρόπον</em></strong></span> <span class='ocrx_word' id='word_1_94' title='bbox 924 1502 1062 1562; x_wconf 80' lang='grc' dir='ltr'><strong><em>τοιοῦτον</em></strong></span> <span class='ocrx_word' id='word_1_95' title='bbox 1079 1496 1207 1584; x_wconf 80' lang='grc' dir='ltr'><strong><em>ἐκλήθη.</em></strong></span> 
     </span>
     <span class='ocr_line' id='line_1_13' title="bbox 94 1595 1208 1687; baseline 0.003 -21"><span class='ocrx_word' id='word_1_96' title='bbox 94 1607 156 1666; x_wconf 84' lang='grc' dir='ltr'><strong><em>τοῦ</em></strong></span> <span class='ocrx_word' id='word_1_97' title='bbox 171 1597 321 1684; x_wconf 75' lang='grc' dir='ltr'><strong><em>λειψάνου</em></strong></span> <span class='ocrx_word' id='word_1_98' title='bbox 332 1607 389 1666; x_wconf 83' lang='grc' dir='ltr'><strong><em>τοῦ</em></strong></span> <span class='ocrx_word' id='word_1_99' title='bbox 402 1597 487 1686; x_wconf 85' lang='grc' dir='ltr'><strong><em>άγίου</em></strong></span> <span class='ocrx_word' id='word_1_100' title='bbox 500 1596 760 1687; x_wconf 85' lang='grc' dir='ltr'><strong><em>πρωτομάρτυρος</em></strong></span> <span class='ocrx_word' id='word_1_101' title='bbox 774 1595 933 1684; x_wconf 82' lang='grc' dir='ltr'><strong><em>Στεφάνου</em></strong></span> <span class='ocrx_word' id='word_1_102' title='bbox 947 1597 1208 1684; x_wconf 80' lang='grc' dir='ltr'><strong><em>άνακομιοθίντος</em></strong></span> 
     </span>
     <span class='ocr_line' id='line_1_14' title="bbox 96 1698 1207 1792; baseline 0.003 -22"><span class='ocrx_word' id='word_1_103' title='bbox 96 1708 150 1770; x_wconf 78' lang='grc' dir='ltr'><strong><em>καὶ</em></strong></span> <span class='ocrx_word' id='word_1_104' title='bbox 173 1706 264 1792; x_wconf 73' lang='grc' dir='ltr'><strong><em>μέχρι</em></strong></span> <span class='ocrx_word' id='word_1_105' title='bbox 287 1708 376 1770; x_wconf 79' lang='grc' dir='ltr'><strong><em>τοῖνδε</em></strong></span> <span class='ocrx_word' id='word_1_106' title='bbox 400 1708 456 1770; x_wconf 76' lang='lat' dir='ltr'><strong>odoi</strong></span> <span class='ocrx_word' id='word_1_107' title='bbox 472 1702 567 1770; x_wconf 86' lang='grc' dir='ltr'><strong><em>τόπου</em></strong></span> <span class='ocrx_word' id='word_1_108' title='bbox 585 1703 751 1786; x_wconf 83' lang='grc' dir='ltr'><strong><em>άχθίντος,</em></strong></span> <span class='ocrx_word' id='word_1_109' title='bbox 778 1704 872 1768; x_wconf 81' lang='grc' dir='ltr'><strong><em>ἐκεῖσε</em></strong></span> <span class='ocrx_word' id='word_1_110' title='bbox 890 1698 1078 1787; x_wconf 79' lang='grc' dir='ltr'><strong><em>ἐζεάχθησαν</em></strong></span> <span class='ocrx_word' id='word_1_111' title='bbox 1094 1712 1207 1790; x_wconf 82' lang='grc' dir='ltr'><strong><em>μοῦλαι</em></strong></span> 
     </span>
     <span class='ocr_line' id='line_1_15' title="bbox 96 1799 1008 1896; baseline -0.001 -23"><span class='ocrx_word' id='word_1_112' title='bbox 96 1812 149 1873; x_wconf 84' lang='grc' dir='ltr'><strong><em>καὶ</em></strong></span> <span class='ocrx_word' id='word_1_113' title='bbox 165 1799 245 1896; x_wconf 76' lang='grc' dir='ltr'><strong><em>ἦραν</em></strong></span> <span class='ocrx_word' id='word_1_114' title='bbox 263 1808 337 1874; x_wconf 75' lang='lat' dir='ltr'><strong>oded</strong></span> <span class='ocrx_word' id='word_1_115' title='bbox 356 1811 407 1874; x_wconf 82' lang='grc' dir='ltr'><strong><em>καὶ</em></strong></span> <span class='ocrx_word' id='word_1_116' title='bbox 424 1807 538 1894; x_wconf 80' lang='grc' dir='ltr'><strong><em>ἤγαγον</em></strong></span> <span class='ocrx_word' id='word_1_117' title='bbox 554 1808 644 1894; x_wconf 81' lang='grc' dir='ltr'><strong><em>μίχρι</em></strong></span> <span class='ocrx_word' id='word_1_118' title='bbox 660 1813 721 1872; x_wconf 81' lang='grc' dir='ltr'><strong><em>τῶν</em></strong></span> <span class='ocrx_word' id='word_1_119' title='bbox 739 1808 1008 1872; x_wconf 79' lang='grc' dir='ltr'><strong><em>Κωνσταυτιανιῖιν.</em></strong></span> 
     </span>
    </p>

    <p class='ocr_par' dir='ltr' id='par_1_6' title="bbox 56 1906 1206 2203">
     <span class='ocr_line' id='line_1_16' title="bbox 56 1906 1206 1999; baseline 0 -22"><span class='ocrx_word' id='word_1_120' title='bbox 56 1925 90 1978; x_wconf 82' lang='grc'><strong><em>15</em></strong></span> <span class='ocrx_word' id='word_1_121' title='bbox 206 1912 245 1977; x_wconf 82' lang='grc' dir='ltr'><strong><em>Οἱ</em></strong></span> <span class='ocrx_word' id='word_1_122' title='bbox 271 1915 304 1978; x_wconf 83' lang='grc' dir='ltr'><strong><em>δὲ</em></strong></span> <span class='ocrx_word' id='word_1_123' title='bbox 328 1911 410 1997; x_wconf 82' lang='grc' dir='ltr'><strong><em>ἅγιοι</em></strong></span> <span class='ocrx_word' id='word_1_124' title='bbox 434 1910 601 1999; x_wconf 82' lang='grc' dir='ltr'><strong><em>ἀνάργυροι</em></strong></span> <span class='ocrx_word' id='word_1_125' title='bbox 625 1911 653 1976; x_wconf 78' lang='grc' dir='ltr'><strong><em>οἱ</em></strong></span> <span class='ocrx_word' id='word_1_126' title='bbox 673 1913 705 1976; x_wconf 89' lang='grc' dir='ltr'><strong><em>ἐν</em></strong></span> <span class='ocrx_word' id='word_1_127' title='bbox 722 1916 766 1997; x_wconf 79' lang='grc' dir='ltr'><strong><em>τῷ</em></strong></span> <span class='ocrx_word' id='word_1_128' title='bbox 782 1906 939 1994; x_wconf 84' lang='grc' dir='ltr'><strong><em>Ζεάγματι</em></strong></span> <span class='ocrx_word' id='word_1_129' title='bbox 956 1910 1040 1996; x_wconf 80' lang='grc' dir='ltr'><strong><em>παρὰ</em></strong></span> <span class='ocrx_word' id='word_1_130' title='bbox 1059 1907 1206 1997; x_wconf 86' lang='grc' dir='ltr'><strong><em>Πρόκλου</em></strong></span> 
     </span>
     <span class='ocr_line' id='line_1_17' title="bbox 94 2011 1206 2102; baseline 0.002 -24"><span class='ocrx_word' id='word_1_131' title='bbox 94 2013 286 2102; x_wconf 81' lang='grc' dir='ltr'><strong><em>πατριάρχου</em></strong></span> <span class='ocrx_word' id='word_1_132' title='bbox 315 2013 681 2091; x_wconf 84' lang='grc' dir='ltr'><strong><em>Κωνσταντινουπάλεως,</em></strong></span> <span class='ocrx_word' id='word_1_133' title='bbox 713 2019 860 2096; x_wconf 80' lang='grc' dir='ltr'><strong><em>μαθητοῦ</em></strong></span> <span class='ocrx_word' id='word_1_134' title='bbox 887 2018 944 2077; x_wconf 78' lang='grc' dir='ltr'><strong><em>τοῦ</em></strong></span> <span class='ocrx_word' id='word_1_135' title='bbox 969 2011 1206 2100; x_wconf 86' lang='grc' dir='ltr'><strong><em>Χρυσοστάμου,</em></strong></span> 
     </span>
     <span class='ocr_line' id='line_1_18' title="bbox 95 2115 949 2203; baseline -0.005 -20"><span class='ocrx_word' id='word_1_136' title='bbox 95 2121 284 2200; x_wconf 84' lang='grc' dir='ltr'><strong><em>ἐκτίσθησαν</em></strong></span> <span class='ocrx_word' id='word_1_137' title='bbox 301 2119 332 2182; x_wconf 80' lang='grc' dir='ltr'><strong><em>ἐν</em></strong></span> <span class='ocrx_word' id='word_1_138' title='bbox 349 2127 412 2193; x_wconf 88' lang='grc' dir='ltr'><strong><em>τοῖς</em></strong></span> <span class='ocrx_word' id='word_1_139' title='bbox 425 2115 549 2203; x_wconf 86' lang='grc' dir='ltr'><strong><em>χρόνοις</em></strong></span> <span class='ocrx_word' id='word_1_140' title='bbox 568 2117 735 2182; x_wconf 77' lang='grc' dir='ltr'><strong><em>Θεοδοσίου</em></strong></span> <span class='ocrx_word' id='word_1_141' title='bbox 754 2123 809 2181; x_wconf 77' lang='grc' dir='ltr'><strong><em>τοῦ</em></strong></span> <span class='ocrx_word' id='word_1_142' title='bbox 827 2122 949 2198; x_wconf 80' lang='grc' dir='ltr'><strong><em>μικροῦ.</em></strong></span> 
     </span>
    </p>

    <p class='ocr_par' dir='ltr' id='par_1_7' title="bbox 94 2215 1244 2411">
     <span class='ocr_line' id='line_1_19' title="bbox 201 2215 1244 2306; baseline 0.004 -22"><span class='ocrx_word' id='word_1_143' title='bbox 201 2220 266 2284; x_wconf 90' lang='grc' dir='ltr'><strong><em>Τδν</em></strong></span> <span class='ocrx_word' id='word_1_144' title='bbox 291 2217 377 2306; x_wconf 87' lang='grc' dir='ltr'><strong><em>άγιον</em></strong></span> <span class='ocrx_word' id='word_1_145' title='bbox 398 2220 509 2286; x_wconf 87' lang='grc' dir='ltr'><strong><em>Ἠλίαν</em></strong></span> <span class='ocrx_word' id='word_1_146' title='bbox 534 2220 569 2284; x_wconf 90' lang='grc' dir='ltr'><strong><em>τδ</em></strong></span> <span class='ocrx_word' id='word_1_147' title='bbox 594 2220 736 2306; x_wconf 87' lang='grc' dir='ltr'><strong><em>Πίτριον.</em></strong></span> <span class='ocrx_word' id='word_1_148' title='bbox 784 2215 1036 2304; x_wconf 71' lang='grc' dir='ltr'><strong><em>ὑποστρέψαντος</em></strong></span> <span class='ocrx_word' id='word_1_149' title='bbox 1059 2217 1244 2304; x_wconf 82' lang='grc' dir='ltr'><strong><em>Ζήνωνοςλ)</em></strong></span> 
     </span>
     <span class='ocr_line' id='line_1_20' title="bbox 94 2320 1205 2411; baseline 0 -23"><span class='ocrx_word' id='word_1_150' title='bbox 94 2325 129 2388; x_wconf 84' lang='grc' dir='ltr'><strong><em>ἐκ</em></strong></span> <span class='ocrx_word' id='word_1_151' title='bbox 152 2325 307 2411; x_wconf 84' lang='grc' dir='ltr'><strong><em>Περσίδος</em></strong></span> <span class='ocrx_word' id='word_1_152' title='bbox 332 2323 506 2390; x_wconf 73' lang='grc' dir='ltr'><strong><em>συνέδωκαν</em></strong></span> <span class='ocrx_word' id='word_1_153' title='bbox 527 2323 567 2387; x_wconf 83' lang='grc' dir='ltr'><strong><em>τά</em></strong></span> <span class='ocrx_word' id='word_1_154' title='bbox 591 2321 732 2406; x_wconf 85' lang='grc' dir='ltr'><strong><em>τάγματα</em></strong></span> <span class='ocrx_word' id='word_1_155' title='bbox 757 2323 853 2388; x_wconf 78' lang='grc' dir='ltr'><strong><em>αὐτοῦ</em></strong></span> <span class='ocrx_word' id='word_1_156' title='bbox 876 2325 927 2386; x_wconf 79' lang='grc' dir='ltr'><strong><em>καὶ</em></strong></span> <span class='ocrx_word' id='word_1_157' title='bbox 945 2320 961 2387; x_wconf 82' lang='grc' dir='ltr'>ὅ</span> <span class='ocrx_word' id='word_1_158' title='bbox 980 2323 1111 2410; x_wconf 89' lang='grc' dir='ltr'><strong><em>στρατδς</em></strong></span> <span class='ocrx_word' id='word_1_159' title='bbox 1124 2350 1205 2408; x_wconf 83' lang='grc' dir='ltr'><strong><em>χρυ·</em></strong></span> 
     </span>
    </p>

    <p class='ocr_par' dir='ltr' id='par_1_8' title="bbox 52 2424 1204 2722">
     <span class='ocr_line' id='line_1_21' title="bbox 52 2424 1204 2514; baseline 0 -19"><span class='ocrx_word' id='word_1_160' title='bbox 52 2429 162 2494; x_wconf 75' lang='grc' dir='ltr'><strong><em>λοσίον</em></strong></span> <span class='ocrx_word' id='word_1_161' title='bbox 184 2425 279 2504; x_wconf 84' lang='grc' dir='ltr'><strong><em>πολά,</em></strong></span> <span class='ocrx_word' id='word_1_162' title='bbox 305 2429 356 2491; x_wconf 83' lang='grc' dir='ltr'><strong><em>καὶ</em></strong></span> <span class='ocrx_word' id='word_1_163' title='bbox 375 2427 467 2504; x_wconf 78' lang='grc' dir='ltr'><strong><em>αιἰτδς</em></strong></span> <span class='ocrx_word' id='word_1_164' title='bbox 483 2424 500 2492; x_wconf 86' lang='grc' dir='ltr'><strong><em>δ</em></strong></span> <span class='ocrx_word' id='word_1_165' title='bbox 516 2425 663 2509; x_wconf 76' lang='grc' dir='ltr'><strong><em>βασιλεὺς</em></strong></span> <span class='ocrx_word' id='word_1_166' title='bbox 681 2424 792 2490; x_wconf 76' lang='grc' dir='ltr'><strong><em>ἐδωκεν</em></strong></span> <span class='ocrx_word' id='word_1_167' title='bbox 811 2425 914 2502; x_wconf 74' lang='grc' dir='ltr'><strong><em>αὐτοῖς</em></strong></span> <span class='ocrx_word' id='word_1_168' title='bbox 931 2428 1107 2514; x_wconf 82' lang='grc' dir='ltr'><strong><em>συνδρομὴν</em></strong></span> <span class='ocrx_word' id='word_1_169' title='bbox 1125 2429 1204 2512; x_wconf 85' lang='grc' dir='ltr'><strong><em>μετδ</em></strong></span> 
     </span>
     <span class='ocr_line' id='line_1_22' title="bbox 94 2526 1203 2618; baseline 0.001 -22"><span class='ocrx_word' id='word_1_170' title='bbox 94 2538 150 2614; x_wconf 77' lang='grc' dir='ltr'><strong><em>τῆς</em></strong></span> <span class='ocrx_word' id='word_1_171' title='bbox 172 2526 345 2616; x_wconf 80' lang='grc' dir='ltr'><strong><em>Ἀριάδνης</em></strong></span> <span class='ocrx_word' id='word_1_172' title='bbox 372 2527 500 2614; x_wconf 84' lang='grc' dir='ltr'><strong><em>ὁμοίως,</em></strong></span> <span class='ocrx_word' id='word_1_173' title='bbox 526 2533 576 2594; x_wconf 80' lang='grc' dir='ltr'><strong><em>καὶ</em></strong></span> <span class='ocrx_word' id='word_1_174' title='bbox 594 2526 749 2615; x_wconf 77' lang='grc' dir='ltr'><strong><em>διήγειρεν</em></strong></span> <span class='ocrx_word' id='word_1_175' title='bbox 766 2528 818 2594; x_wconf 84' lang='grc' dir='ltr'><strong><em>τὸν</em></strong></span> <span class='ocrx_word' id='word_1_176' title='bbox 836 2526 925 2607; x_wconf 88' lang='grc' dir='ltr'><strong><em>ναόν,</em></strong></span> <span class='ocrx_word' id='word_1_177' title='bbox 952 2529 999 2594; x_wconf 82' lang='grc' dir='ltr'><strong><em>ὅτι</em></strong></span> <span class='ocrx_word' id='word_1_178' title='bbox 1017 2532 1203 2618; x_wconf 86' lang='grc' dir='ltr'><strong><em>ἐνεφανίσθη</em></strong></span> 
     </span>
     <span class='ocr_line' id='line_1_23' title="bbox 93 2636 352 2722; baseline 0 -24"><span class='ocrx_word' id='word_1_179' title='bbox 93 2637 126 2698; x_wconf 79' lang='grc' dir='ltr'><strong><em>ἐν</em></strong></span> <span class='ocrx_word' id='word_1_180' title='bbox 143 2639 187 2721; x_wconf 78' lang='grc' dir='ltr'><strong><em>τῷ</em></strong></span> <span class='ocrx_word' id='word_1_181' title='bbox 203 2636 352 2722; x_wconf 79' lang='grc' dir='ltr'><strong><em>ταξειδίρι.</em></strong></span> 
     </span>
    </p>
   </div>
   <div class='ocr_carea' id='block_1_3' title="bbox 164 2769 1203 2900">
    <p class='ocr_par' dir='ltr' id='par_1_9' title="bbox 164 2769 1203 2900">
     <span class='ocr_line' id='line_1_24' title="bbox 164 2769 1203 2900; baseline -0.002 -68"><span class='ocrx_word' id='word_1_182' title='bbox 164 2776 226 2900; x_wconf 50' lang='lat' dir='ltr'><strong><em>imp.</em></strong></span> <span class='ocrx_word' id='word_1_183' title='bbox 243 2776 279 2850; x_wconf 69' lang='lat'><strong><em>3⁹1</em></strong></span> <span class='ocrx_word' id='word_1_184' title='bbox 295 2776 381 2831; x_wconf 85' lang='lat' dir='ltr'><strong>Band.</strong></span> <span class='ocrx_word' id='word_1_185' title='bbox 504 2771 570 2835; x_wconf 77' lang='grc' dir='ltr'><strong><em>τοὺς</em></strong></span> <span class='ocrx_word' id='word_1_186' title='bbox 586 2770 710 2843; x_wconf 58' lang='lat' dir='ltr'><strong>deiurio</strong></span> <span class='ocrx_word' id='word_1_187' title='bbox 727 2769 759 2827; x_wconf 77' lang='grc' dir='ltr'><strong><em>δλ</em></strong></span> <span class='ocrx_word' id='word_1_188' title='bbox 777 2771 924 2841; x_wconf 77' lang='grc' dir='ltr'><strong><em>κιστὲρυαυ</em></strong></span> <span class='ocrx_word' id='word_1_189' title='bbox 942 2771 984 2838; x_wconf 74' lang='grc' dir='ltr'><strong><em>είς</em></strong></span> <span class='ocrx_word' id='word_1_190' title='bbox 998 2771 1034 2830; x_wconf 84' lang='grc' dir='ltr'><strong><em>τά</em></strong></span> <span class='ocrx_word' id='word_1_191' title='bbox 1053 2777 1106 2830; x_wconf 81' lang='grc' dir='ltr'><strong><em>τοῦ</em></strong></span> <span class='ocrx_word' id='word_1_192' title='bbox 1120 2778 1203 2844; x_wconf 80' lang='grc' dir='ltr'><strong><em>κριοῦ</em></strong></span> 
     </span>
    </p>
   </div>
   <div class='ocr_carea' id='block_1_4' title="bbox 162 2841 1202 2997">
    <p class='ocr_par' dir='ltr' id='par_1_10' title="bbox 162 2841 1202 2997">
     <span class='ocr_line' id='line_1_25' title="bbox 162 2841 1202 2914; baseline 0.002 -16"><span class='ocrx_word' id='word_1_193' title='bbox 162 2863 180 2898; x_wconf 90' lang='grc' dir='ltr'><strong><em>κ</em></strong></span> <span class='ocrx_word' id='word_1_194' title='bbox 229 2846 262 2898; x_wconf 82' lang='lat' dir='ltr'><strong><em>C.</em></strong></span> <span class='ocrx_word' id='word_1_195' title='bbox 399 2847 430 2898; x_wconf 95' lang='lat' dir='ltr'><strong><em>ll</em></strong></span> <span class='ocrx_word' id='word_1_196' title='bbox 449 2862 476 2914; x_wconf 81' lang='lat' dir='ltr'><strong><em>p.</em></strong></span> <span class='ocrx_word' id='word_1_197' title='bbox 495 2846 529 2900; x_wconf 85' lang='grc'><strong><em>35</em></strong></span> <span class='ocrx_word' id='word_1_198' title='bbox 547 2845 630 2898; x_wconf 88' lang='lat' dir='ltr'><strong>Band.</strong></span> <span class='ocrx_word' id='word_1_199' title='bbox 764 2845 798 2900; x_wconf 83' lang='lat'><strong><em>14</em></strong></span> <span class='ocrx_word' id='word_1_200' title='bbox 816 2841 868 2907; x_wconf 73' lang='grc' dir='ltr'><strong><em>ἕως</em></strong></span> <span class='ocrx_word' id='word_1_201' title='bbox 883 2846 1150 2898; x_wconf 76' lang='grc' dir='ltr'><strong><em>Κωυσταυτινιοινοῖυ</em></strong></span> <span class='ocrx_word' id='word_1_202' title='bbox 1168 2849 1202 2900; x_wconf 80' lang='lat' dir='ltr'><strong><em>C.</em></strong></span> 
     </span>
     <span class='ocr_line' id='line_1_26' title="bbox 165 2911 1202 2997; baseline 0 -29"><span class='ocrx_word' id='word_1_203' title='bbox 165 2915 199 2997; x_wconf 79' lang='lat'><strong><em>¹⁵.</em></strong></span> <span class='ocrx_word' id='word_1_204' title='bbox 216 2931 244 2983; x_wconf 88' lang='lat' dir='ltr'><strong><em>p.</em></strong></span> <span class='ocrx_word' id='word_1_205' title='bbox 262 2915 296 2969; x_wconf 82' lang='grc'><strong><em>35</em></strong></span> <span class='ocrx_word' id='word_1_206' title='bbox 313 2913 396 2966; x_wconf 85' lang='lat' dir='ltr'><strong>Band.</strong></span> <span class='ocrx_word' id='word_1_207' title='bbox 491 2913 525 2966; x_wconf 89' lang='grc'><strong><em>18</em></strong></span> <span class='ocrx_word' id='word_1_208' title='bbox 542 2933 569 2983; x_wconf 90' lang='lat' dir='ltr'><strong><em>p.</em></strong></span> <span class='ocrx_word' id='word_1_209' title='bbox 588 2914 621 2968; x_wconf 83' lang='grc'><strong><em>35</em></strong></span> <span class='ocrx_word' id='word_1_210' title='bbox 640 2913 725 2967; x_wconf 87' lang='lat' dir='ltr'><strong>Band.</strong></span> <span class='ocrx_word' id='word_1_211' title='bbox 820 2914 935 2984; x_wconf 82' lang='grc' dir='ltr'><strong><em>τιετρῖοο</em></strong></span> <span class='ocrx_word' id='word_1_212' title='bbox 951 2915 1021 2984; x_wconf 74' lang='lat' dir='ltr'><strong>Reg.</strong></span> <span class='ocrx_word' id='word_1_213' title='bbox 1115 2916 1149 2969; x_wconf 83' lang='lat'><strong><em>19</em></strong></span> <span class='ocrx_word' id='word_1_214' title='bbox 1166 2911 1202 2968; x_wconf 82' lang='grc' dir='ltr'><strong><em>τά</em></strong></span> 
     </span>
    </p>
   </div>
   <div class='ocr_carea' id='block_1_5' title="bbox 163 2977 813 3052">
    <p class='ocr_par' dir='ltr' id='par_1_11' title="bbox 163 2977 813 3052">
     <span class='ocr_line' id='line_1_27' title="bbox 163 2977 813 3052; baseline 0 -16"><span class='ocrx_word' id='word_1_215' title='bbox 163 2983 308 3052; x_wconf 87' lang='grc' dir='ltr'><strong><em>ταγμοιτα]</em></strong></span> <span class='ocrx_word' id='word_1_216' title='bbox 327 2978 358 3035; x_wconf 75' lang='grc' dir='ltr'><strong><em>αἱ</em></strong></span> <span class='ocrx_word' id='word_1_217' title='bbox 373 2979 470 3050; x_wconf 78' lang='grc' dir='ltr'><strong><em>σχολαὶ</em></strong></span> <span class='ocrx_word' id='word_1_218' title='bbox 487 2979 535 3035; x_wconf 79' lang='grc' dir='ltr'><strong><em>καὶ</em></strong></span> <span class='ocrx_word' id='word_1_219' title='bbox 551 2977 588 3036; x_wconf 84' lang='grc' dir='ltr'><strong><em>τά</em></strong></span> <span class='ocrx_word' id='word_1_220' title='bbox 604 2979 733 3052; x_wconf 83' lang='grc' dir='ltr'><strong><em>τάγματα</em></strong></span> <span class='ocrx_word' id='word_1_221' title='bbox 750 2983 813 3036; x_wconf 83' lang='lat' dir='ltr'><strong>Vat.</strong></span> 
     </span>
    </p>
   </div>
   <div class='ocr_carea' id='block_1_6' title="bbox 90 3100 1202 4355">
    <p class='ocr_par' dir='ltr' id='par_1_12' title="bbox 92 3100 1202 3380">
     <span class='ocr_line' id='line_1_28' title="bbox 93 3100 1200 3174; baseline 0 -18"><span class='ocrx_word' id='word_1_222' title='bbox 93 3120 161 3174; x_wconf 81' lang='lat' dir='ltr'><strong>geue</strong></span> <span class='ocrx_word' id='word_1_223' title='bbox 177 3107 233 3156; x_wconf 84' lang='lat' dir='ltr'><strong>trea</strong></span> <span class='ocrx_word' id='word_1_224' title='bbox 251 3117 334 3154; x_wconf 78' lang='lat' dir='ltr'><strong>annos</strong></span> <span class='ocrx_word' id='word_1_225' title='bbox 351 3100 486 3172; x_wconf 85' lang='lat' dir='ltr'><strong>imperium</strong></span> <span class='ocrx_word' id='word_1_226' title='bbox 504 3101 632 3169; x_wconf 82' lang='lat' dir='ltr'><strong>obtinuit,</strong></span> <span class='ocrx_word' id='word_1_227' title='bbox 651 3109 678 3155; x_wconf 85' lang='lat' dir='ltr'><strong>et</strong></span> <span class='ocrx_word' id='word_1_228' title='bbox 694 3107 789 3172; x_wconf 80' lang='lat' dir='ltr'><strong>postea</strong></span> <span class='ocrx_word' id='word_1_229' title='bbox 807 3104 840 3156; x_wconf 90' lang='lat' dir='ltr'><strong><em>ab</em></strong></span> <span class='ocrx_word' id='word_1_230' title='bbox 859 3119 890 3156; x_wconf 86' lang='lat' dir='ltr'><strong>eo</strong></span> <span class='ocrx_word' id='word_1_231' title='bbox 906 3102 1054 3156; x_wconf 81' lang='lat' dir='ltr'><strong>debellatus</strong></span> <span class='ocrx_word' id='word_1_232' title='bbox 1066 3102 1200 3173; x_wconf 79' lang='lat' dir='ltr'><strong>oculisque</strong></span> 
     </span>
     <span class='ocr_line' id='line_1_29' title="bbox 92 3169 1201 3254; baseline -0.002 -28"><span class='ocrx_word' id='word_1_233' title='bbox 92 3173 214 3244; x_wconf 79' lang='lat' dir='ltr'><strong>privatus</strong></span> <span class='ocrx_word' id='word_1_234' title='bbox 239 3171 305 3239; x_wconf 79' lang='lat' dir='ltr'><strong>suit,</strong></span> <span class='ocrx_word' id='word_1_235' title='bbox 331 3169 356 3222; x_wconf 84' lang='lat' dir='ltr'><strong><em>ia</em></strong></span> <span class='ocrx_word' id='word_1_236' title='bbox 380 3171 475 3222; x_wconf 80' lang='lat' dir='ltr'><strong>multas</strong></span> <span class='ocrx_word' id='word_1_237' title='bbox 498 3171 640 3224; x_wconf 79' lang='lat' dir='ltr'><strong>immobiles</strong></span> <span class='ocrx_word' id='word_1_238' title='bbox 663 3173 846 3254; x_wconf 72' lang='lat' dir='ltr'><strong>possessiones</strong></span> <span class='ocrx_word' id='word_1_239' title='bbox 871 3172 1021 3241; x_wconf 78' lang='lat' dir='ltr'><strong>supradicto</strong></span> <span class='ocrx_word' id='word_1_240' title='bbox 1043 3173 1201 3226; x_wconf 85' lang='lat' dir='ltr'><strong>Gerooomio</strong></span> 
     </span>
     <span class='ocr_line' id='line_1_30' title="bbox 92 3241 1202 3310; baseline 0.002 -15"><span class='ocrx_word' id='word_1_241' title='bbox 92 3242 260 3295; x_wconf 79' lang='lat' dir='ltr'><strong>confirmavit</strong></span> <span class='ocrx_word' id='word_1_242' title='bbox 285 3257 317 3293; x_wconf 92' lang='lat' dir='ltr'><strong>eo</strong></span> <span class='ocrx_word' id='word_1_243' title='bbox 343 3241 413 3310; x_wconf 92' lang='lat' dir='ltr'><strong>quod</strong></span> <span class='ocrx_word' id='word_1_244' title='bbox 440 3241 531 3292; x_wconf 81' lang='lat' dir='ltr'><strong>domus</strong></span> <span class='ocrx_word' id='word_1_245' title='bbox 555 3241 611 3292; x_wconf 87' lang='lat' dir='ltr'><strong>eiua</strong></span> <span class='ocrx_word' id='word_1_246' title='bbox 633 3241 672 3293; x_wconf 84' lang='lat' dir='ltr'><strong><em>ibr</em></strong></span> <span class='ocrx_word' id='word_1_247' title='bbox 695 3242 746 3294; x_wconf 81' lang='lat' dir='ltr'><strong>sita</strong></span> <span class='ocrx_word' id='word_1_248' title='bbox 770 3249 851 3296; x_wconf 80' lang='lat' dir='ltr'><strong>earet.</strong></span> <span class='ocrx_word' id='word_1_249' title='bbox 886 3249 1021 3298; x_wconf 81' lang='lat' dir='ltr'><strong>caeterum</strong></span> <span class='ocrx_word' id='word_1_250' title='bbox 1037 3243 1106 3296; x_wconf 82' lang='lat' dir='ltr'><strong>vixit</strong></span> <span class='ocrx_word' id='word_1_251' title='bbox 1121 3244 1202 3297; x_wconf 81' lang='lat' dir='ltr'><strong>Arta-</strong></span> 
     </span>
     <span class='ocr_line' id='line_1_31' title="bbox 92 3308 789 3380; baseline 0 -14"><span class='ocrx_word' id='word_1_252' title='bbox 92 3311 191 3366; x_wconf 79' lang='lat' dir='ltr'><strong>baadus</strong></span> <span class='ocrx_word' id='word_1_253' title='bbox 209 3310 283 3364; x_wconf 87' lang='lat' dir='ltr'><strong>annia</strong></span> <span class='ocrx_word' id='word_1_254' title='bbox 301 3309 354 3365; x_wconf 75' lang='lat'><strong><em>280</em></strong></span> <span class='ocrx_word' id='word_1_255' title='bbox 371 3316 433 3380; x_wconf 81' lang='lat' dir='ltr'><strong>post</strong></span> <span class='ocrx_word' id='word_1_256' title='bbox 451 3308 582 3362; x_wconf 79' lang='lat' dir='ltr'><strong>conditum</strong></span> <span class='ocrx_word' id='word_1_257' title='bbox 600 3309 789 3366; x_wconf 78' lang='lat' dir='ltr'><strong>Geroooroium.</strong></span> 
     </span>
    </p>

    <p class='ocr_par' dir='ltr' id='par_1_13' title="bbox 93 3379 1201 3590">
     <span class='ocr_line' id='line_1_32' title="bbox 196 3379 1201 3449; baseline 0 -15"><span class='ocrx_word' id='word_1_258' title='bbox 196 3381 346 3435; x_wconf 76' lang='lat' dir='ltr'><strong>cisternam</strong></span> <span class='ocrx_word' id='word_1_259' title='bbox 371 3379 524 3448; x_wconf 85' lang='lat' dir='ltr'><strong>cognomine</strong></span> <span class='ocrx_word' id='word_1_260' title='bbox 548 3379 712 3448; x_wconf 82' lang='lat' dir='ltr'><strong>arietariam,</strong></span> <span class='ocrx_word' id='word_1_261' title='bbox 744 3389 773 3434; x_wconf 86' lang='lat' dir='ltr'><strong>et</strong></span> <span class='ocrx_word' id='word_1_262' title='bbox 800 3380 998 3449; x_wconf 81' lang='lat' dir='ltr'><strong>Gerocomiuur‚</strong></span> <span class='ocrx_word' id='word_1_263' title='bbox 1029 3385 1058 3434; x_wconf 87' lang='lat' dir='ltr'><strong>et</strong></span> <span class='ocrx_word' id='word_1_264' title='bbox 1082 3381 1201 3435; x_wconf 84' lang='lat' dir='ltr'><strong>balneum</strong></span> 
     </span>
     <span class='ocr_line' id='line_1_33' title="bbox 93 3448 1201 3522; baseline 0.001 -18"><span class='ocrx_word' id='word_1_265' title='bbox 93 3451 165 3520; x_wconf 91' lang='lat' dir='ltr'><strong>quod</strong></span> <span class='ocrx_word' id='word_1_266' title='bbox 188 3459 230 3504; x_wconf 82' lang='lat' dir='ltr'><strong>eat</strong></span> <span class='ocrx_word' id='word_1_267' title='bbox 251 3451 280 3502; x_wconf 90' lang='lat' dir='ltr'><strong><em>iu</em></strong></span> <span class='ocrx_word' id='word_1_268' title='bbox 304 3451 361 3502; x_wconf 89' lang='lat' dir='ltr'><strong>loco</strong></span> <span class='ocrx_word' id='word_1_269' title='bbox 385 3449 457 3502; x_wconf 81' lang='lat' dir='ltr'><strong>dicto</strong></span> <span class='ocrx_word' id='word_1_270' title='bbox 480 3448 627 3515; x_wconf 79' lang='lat' dir='ltr'><strong>Harmatii,</strong></span> <span class='ocrx_word' id='word_1_271' title='bbox 654 3451 784 3504; x_wconf 80' lang='lat' dir='ltr'>exstruxit</span> <span class='ocrx_word' id='word_1_272' title='bbox 801 3451 953 3522; x_wconf 76' lang='lat' dir='ltr'><strong>Stephanus</strong></span> <span class='ocrx_word' id='word_1_273' title='bbox 970 3451 1107 3504; x_wconf 80' lang='lat' dir='ltr'><strong>accubitor</strong></span> <span class='ocrx_word' id='word_1_274' title='bbox 1123 3452 1201 3505; x_wconf 89' lang='lat' dir='ltr'><strong>Mau-</strong></span> 
     </span>
     <span class='ocr_line' id='line_1_34' title="bbox 93 3519 902 3590; baseline 0.002 -17"><span class='ocrx_word' id='word_1_275' title='bbox 93 3521 154 3573; x_wconf 86' lang='lat' dir='ltr'><strong>rioii</strong></span> <span class='ocrx_word' id='word_1_276' title='bbox 170 3520 204 3574; x_wconf 87' lang='lat' dir='ltr'><strong><em>im</em></strong></span> <span class='ocrx_word' id='word_1_277' title='bbox 224 3520 337 3572; x_wconf 82' lang='lat' dir='ltr'><strong>oratoria</strong></span> <span class='ocrx_word' id='word_1_278' title='bbox 355 3519 492 3572; x_wconf 81' lang='lat' dir='ltr'><strong>duodecim</strong></span> <span class='ocrx_word' id='word_1_279' title='bbox 509 3520 586 3570; x_wconf 82' lang='lat' dir='ltr'><strong>annis</strong></span> <span class='ocrx_word' id='word_1_280' title='bbox 602 3524 665 3589; x_wconf 82' lang='lat' dir='ltr'><strong>poet</strong></span> <span class='ocrx_word' id='word_1_281' title='bbox 681 3519 738 3572; x_wconf 88' lang='lat' dir='ltr'><strong>eiua</strong></span> <span class='ocrx_word' id='word_1_282' title='bbox 755 3519 902 3590; x_wconf 86' lang='lat' dir='ltr'><strong>imperium.</strong></span> 
     </span>
    </p>

    <p class='ocr_par' dir='ltr' id='par_1_14' title="bbox 94 3587 1202 3851">
     <span class='ocr_line' id='line_1_35' title="bbox 222 3587 1202 3660; baseline 0.002 -19"><span class='ocrx_word' id='word_1_283' title='bbox 222 3605 284 3642; x_wconf 77' lang='lat' dir='ltr'><strong>ocus</strong></span> <span class='ocrx_word' id='word_1_284' title='bbox 315 3590 459 3660; x_wconf 78' lang='lat' dir='ltr'><strong>appellatus</strong></span> <span class='ocrx_word' id='word_1_285' title='bbox 489 3587 605 3658; x_wconf 79' lang='lat' dir='ltr'><strong>Zeugma</strong></span> <span class='ocrx_word' id='word_1_286' title='bbox 631 3605 663 3641; x_wconf 85' lang='lat' dir='ltr'><strong>ex</strong></span> <span class='ocrx_word' id='word_1_287' title='bbox 689 3605 720 3641; x_wconf 90' lang='lat' dir='ltr'><strong>eo</strong></span> <span class='ocrx_word' id='word_1_288' title='bbox 745 3607 839 3644; x_wconf 81' lang='lat' dir='ltr'><strong>nomen</strong></span> <span class='ocrx_word' id='word_1_289' title='bbox 861 3592 958 3658; x_wconf 83' lang='lat' dir='ltr'><strong>habet,</strong></span> <span class='ocrx_word' id='word_1_290' title='bbox 989 3590 1058 3660; x_wconf 91' lang='lat' dir='ltr'><strong>quod</strong></span> <span class='ocrx_word' id='word_1_291' title='bbox 1083 3589 1202 3660; x_wconf 79' lang='lat' dir='ltr'><strong>reliquiis</strong></span> 
     </span>
     <span class='ocr_line' id='line_1_36' title="bbox 95 3658 1201 3729; baseline 0.001 -18"><span class='ocrx_word' id='word_1_292' title='bbox 95 3659 126 3711; x_wconf 84' lang='lat' dir='ltr'><strong><em>S.</em></strong></span> <span class='ocrx_word' id='word_1_293' title='bbox 150 3659 353 3727; x_wconf 67' lang='lat' dir='ltr'>protomartyris</span> <span class='ocrx_word' id='word_1_294' title='bbox 377 3658 505 3728; x_wconf 79' lang='lat' dir='ltr'><strong>Stephani</strong></span> <span class='ocrx_word' id='word_1_295' title='bbox 524 3659 552 3712; x_wconf 90' lang='lat' dir='ltr'><strong><em>iu</em></strong></span> <span class='ocrx_word' id='word_1_296' title='bbox 569 3660 659 3712; x_wconf 86' lang='lat' dir='ltr'><strong>urbem</strong></span> <span class='ocrx_word' id='word_1_297' title='bbox 677 3658 764 3712; x_wconf 80' lang='lat' dir='ltr'><strong>allatio</strong></span> <span class='ocrx_word' id='word_1_298' title='bbox 781 3676 865 3729; x_wconf 85' lang='lat' dir='ltr'><strong>uaque</strong></span> <span class='ocrx_word' id='word_1_299' title='bbox 882 3659 916 3712; x_wconf 87' lang='lat' dir='ltr'><strong><em>ad</em></strong></span> <span class='ocrx_word' id='word_1_300' title='bbox 933 3660 1001 3712; x_wconf 87' lang='lat' dir='ltr'><strong>huuc</strong></span> <span class='ocrx_word' id='word_1_301' title='bbox 1018 3659 1103 3713; x_wconf 89' lang='lat' dir='ltr'><strong>locum</strong></span> <span class='ocrx_word' id='word_1_302' title='bbox 1120 3659 1201 3713; x_wconf 88' lang='lat' dir='ltr'><strong>dedu-</strong></span> 
     </span>
     <span class='ocr_line' id='line_1_37' title="bbox 94 3727 1202 3801; baseline 0.002 -22"><span class='ocrx_word' id='word_1_303' title='bbox 94 3727 163 3791; x_wconf 81' lang='lat' dir='ltr'><strong>ctis,</strong></span> <span class='ocrx_word' id='word_1_304' title='bbox 188 3727 271 3780; x_wconf 85' lang='lat' dir='ltr'><strong>mulae</strong></span> <span class='ocrx_word' id='word_1_305' title='bbox 295 3727 334 3780; x_wconf 89' lang='lat' dir='ltr'><strong><em>ibi</em></strong></span> <span class='ocrx_word' id='word_1_306' title='bbox 357 3729 445 3782; x_wconf 89' lang='lat' dir='ltr'><strong>ourrui</strong></span> <span class='ocrx_word' id='word_1_307' title='bbox 467 3730 574 3782; x_wconf 73' lang='lat' dir='ltr'><strong>iunctae</strong></span> <span class='ocrx_word' id='word_1_308' title='bbox 597 3737 671 3796; x_wconf 76' lang='lat' dir='ltr'><strong>eunt,</strong></span> <span class='ocrx_word' id='word_1_309' title='bbox 697 3745 766 3798; x_wconf 89' lang='lat' dir='ltr'><strong>quae</strong></span> <span class='ocrx_word' id='word_1_310' title='bbox 783 3745 828 3782; x_wconf 80' lang='lat' dir='ltr'><strong>eas</strong></span> <span class='ocrx_word' id='word_1_311' title='bbox 845 3747 926 3801; x_wconf 90' lang='lat' dir='ltr'><strong>porro</strong></span> <span class='ocrx_word' id='word_1_312' title='bbox 946 3729 979 3782; x_wconf 89' lang='lat' dir='ltr'><strong><em>ad</em></strong></span> <span class='ocrx_word' id='word_1_313' title='bbox 996 3730 1110 3784; x_wconf 76' lang='lat' dir='ltr'><strong>theunas</strong></span> <span class='ocrx_word' id='word_1_314' title='bbox 1129 3730 1202 3784; x_wconf 78' lang='lat' dir='ltr'><strong>Con-</strong></span> 
     </span>
     <span class='ocr_line' id='line_1_38' title="bbox 94 3795 400 3851; baseline 0.007 -3"><span class='ocrx_word' id='word_1_315' title='bbox 94 3795 242 3850; x_wconf 69' lang='lat' dir='ltr'><strong>stantianus</strong></span> <span class='ocrx_word' id='word_1_316' title='bbox 259 3805 400 3851; x_wconf 78' lang='lat' dir='ltr'><strong>vexerunt.</strong></span> 
     </span>
    </p>

    <p class='ocr_par' dir='ltr' id='par_1_15' title="bbox 94 3865 1201 4075">
     <span class='ocr_line' id='line_1_39' title="bbox 198 3865 1201 3937; baseline -0.004 -17"><span class='ocrx_word' id='word_1_317' title='bbox 198 3867 336 3936; x_wconf 85' lang='lat' dir='ltr'><strong>Templum</strong></span> <span class='ocrx_word' id='word_1_318' title='bbox 354 3868 406 3921; x_wconf 82' lang='lat' dir='ltr'><strong><em>SS.</em></strong></span> <span class='ocrx_word' id='word_1_319' title='bbox 421 3865 619 3937; x_wconf 82' lang='lat' dir='ltr'><strong>Auargyrorum</strong></span> <span class='ocrx_word' id='word_1_320' title='bbox 631 3868 688 3921; x_wconf 83' lang='lat' dir='ltr'><strong>sive</strong></span> <span class='ocrx_word' id='word_1_321' title='bbox 701 3867 813 3920; x_wconf 82' lang='lat' dir='ltr'><strong>Coamae</strong></span> <span class='ocrx_word' id='word_1_322' title='bbox 825 3872 852 3920; x_wconf 81' lang='lat' dir='ltr'><strong>et</strong></span> <span class='ocrx_word' id='word_1_323' title='bbox 863 3865 998 3935; x_wconf 80' lang='lat' dir='ltr'><strong>Bouiani,</strong></span> <span class='ocrx_word' id='word_1_324' title='bbox 1015 3869 1043 3922; x_wconf 89' lang='lat' dir='ltr'><strong><em>in</em></strong></span> <span class='ocrx_word' id='word_1_325' title='bbox 1055 3867 1201 3936; x_wconf 81' lang='lat' dir='ltr'><strong>Zeugmate</strong></span> 
     </span>
     <span class='ocr_line' id='line_1_40' title="bbox 95 3934 1199 4008; baseline 0 -23"><span class='ocrx_word' id='word_1_326' title='bbox 95 3934 189 4003; x_wconf 79' lang='lat' dir='ltr'><strong>situm,</strong></span> <span class='ocrx_word' id='word_1_327' title='bbox 216 3937 369 3990; x_wconf 80' lang='lat' dir='ltr'><strong>aedificavit</strong></span> <span class='ocrx_word' id='word_1_328' title='bbox 386 3938 434 3989; x_wconf 83' lang='lat' dir='ltr'><strong><em>sub</em></strong></span> <span class='ocrx_word' id='word_1_329' title='bbox 451 3937 601 3990; x_wconf 80' lang='lat' dir='ltr'><strong>Theodosio</strong></span> <span class='ocrx_word' id='word_1_330' title='bbox 618 3937 721 3991; x_wconf 85' lang='lat' dir='ltr'><strong>iuniore</strong></span> <span class='ocrx_word' id='word_1_331' title='bbox 737 3937 847 3990; x_wconf 83' lang='lat' dir='ltr'><strong>Proolua</strong></span> <span class='ocrx_word' id='word_1_332' title='bbox 865 3938 1017 4008; x_wconf 75' lang='lat' dir='ltr'><strong>patriarcha</strong></span> <span class='ocrx_word' id='word_1_333' title='bbox 1035 3937 1199 4008; x_wconf 81' lang='lat' dir='ltr'><strong>Cpolitauua,</strong></span> 
     </span>
     <span class='ocr_line' id='line_1_41' title="bbox 94 4003 671 4075; baseline 0.009 -20"><span class='ocrx_word' id='word_1_334' title='bbox 94 4003 236 4075; x_wconf 74' lang='lat' dir='ltr'><strong>discipulus</strong></span> <span class='ocrx_word' id='word_1_335' title='bbox 254 4005 339 4060; x_wconf 80' lang='lat' dir='ltr'><strong>sancti</strong></span> <span class='ocrx_word' id='word_1_336' title='bbox 355 4005 462 4059; x_wconf 77' lang='lat' dir='ltr'><strong>Ioannis</strong></span> <span class='ocrx_word' id='word_1_337' title='bbox 479 4007 671 4074; x_wconf 79' lang='lat' dir='ltr'><strong>Chrysoatorui.</strong></span> 
     </span>
    </p>

    <p class='ocr_par' dir='ltr' id='par_1_16' title="bbox 90 4075 1198 4355">
     <span class='ocr_line' id='line_1_42' title="bbox 197 4075 1198 4146; baseline -0.008 -18"><span class='ocrx_word' id='word_1_338' title='bbox 197 4075 334 4144; x_wconf 83' lang='lat' dir='ltr'><strong>Templum</strong></span> <span class='ocrx_word' id='word_1_339' title='bbox 352 4075 382 4130; x_wconf 80' lang='lat' dir='ltr'><strong><em>S.</em></strong></span> <span class='ocrx_word' id='word_1_340' title='bbox 399 4076 489 4144; x_wconf 72' lang='lat' dir='ltr'><strong>lidae,</strong></span> <span class='ocrx_word' id='word_1_341' title='bbox 507 4077 579 4146; x_wconf 89' lang='lat' dir='ltr'><strong>quod</strong></span> <span class='ocrx_word' id='word_1_342' title='bbox 596 4077 706 4130; x_wconf 74' lang='lat' dir='ltr'><strong>Petriou</strong></span> <span class='ocrx_word' id='word_1_343' title='bbox 721 4075 834 4144; x_wconf 82' lang='lat' dir='ltr'><strong>dicitur,</strong></span> <span class='ocrx_word' id='word_1_344' title='bbox 852 4075 968 4146; x_wconf 77' lang='lat' dir='ltr'><strong>legiones</strong></span> <span class='ocrx_word' id='word_1_345' title='bbox 983 4080 1107 4142; x_wconf 74' lang='lat' dir='ltr'><strong>totusque</strong></span> <span class='ocrx_word' id='word_1_346' title='bbox 1121 4085 1198 4122; x_wconf 85' lang='lat' dir='ltr'><strong>exer-</strong></span> 
     </span>
     <span class='ocr_line' id='line_1_43' title="bbox 95 4139 1197 4216; baseline 0.004 -23"><span class='ocrx_word' id='word_1_347' title='bbox 95 4142 165 4194; x_wconf 76' lang='lat' dir='ltr'><strong>citus</strong></span> <span class='ocrx_word' id='word_1_348' title='bbox 189 4143 305 4198; x_wconf 77' lang='lat' dir='ltr'><strong>Zenonis</strong></span> <span class='ocrx_word' id='word_1_349' title='bbox 327 4161 361 4197; x_wconf 82' lang='lat' dir='ltr'><strong>ex</strong></span> <span class='ocrx_word' id='word_1_350' title='bbox 383 4145 493 4200; x_wconf 79' lang='lat' dir='ltr'><strong>Perside</strong></span> <span class='ocrx_word' id='word_1_351' title='bbox 512 4147 596 4200; x_wconf 86' lang='lat' dir='ltr'><strong>redux</strong></span> <span class='ocrx_word' id='word_1_352' title='bbox 614 4148 711 4200; x_wconf 78' lang='lat' dir='ltr'><strong>collata</strong></span> <span class='ocrx_word' id='word_1_353' title='bbox 728 4163 820 4216; x_wconf 79' lang='lat' dir='ltr'><strong>magua</strong></span> <span class='ocrx_word' id='word_1_354' title='bbox 839 4146 899 4199; x_wconf 88' lang='lat' dir='ltr'><strong>auri</strong></span> <span class='ocrx_word' id='word_1_355' title='bbox 915 4161 1029 4207; x_wconf 79' lang='lat' dir='ltr'><strong>summa,</strong></span> <span class='ocrx_word' id='word_1_356' title='bbox 1055 4139 1197 4192; x_wconf 74' lang='lat' dir='ltr'><strong>accedente</strong></span> 
     </span>
     <span class='ocr_line' id='line_1_44' title="bbox 93 4207 1196 4294; baseline 0.006 -32"><span class='ocrx_word' id='word_1_357' title='bbox 93 4210 175 4294; x_wconf 59' lang='lat' dir='ltr'><strong>otiare</strong></span> <span class='ocrx_word' id='word_1_358' title='bbox 197 4213 280 4280; x_wconf 75' lang='lat' dir='ltr'><strong>ipsius</strong></span> <span class='ocrx_word' id='word_1_359' title='bbox 297 4213 412 4270; x_wconf 75' lang='lat' dir='ltr'><strong>Zenonis</strong></span> <span class='ocrx_word' id='word_1_360' title='bbox 429 4222 458 4271; x_wconf 84' lang='lat' dir='ltr'><strong>et</strong></span> <span class='ocrx_word' id='word_1_361' title='bbox 473 4215 608 4274; x_wconf 82' lang='lat' dir='ltr'><strong>Ariadnae</strong></span> <span class='ocrx_word' id='word_1_362' title='bbox 625 4217 739 4286; x_wconf 81' lang='lat' dir='ltr'><strong>auxilio,</strong></span> <span class='ocrx_word' id='word_1_363' title='bbox 766 4221 969 4281; x_wconf 79' lang='lat' dir='ltr'><strong>exatruxeruut,</strong></span> <span class='ocrx_word' id='word_1_364' title='bbox 993 4208 1089 4278; x_wconf 67' lang='lat' dir='ltr'><strong>quibua</strong></span> <span class='ocrx_word' id='word_1_365' title='bbox 1105 4207 1151 4262; x_wconf 72' lang='lat' dir='ltr'><strong>ille</strong></span> <span class='ocrx_word' id='word_1_366' title='bbox 1167 4207 1196 4262; x_wconf 73' lang='lat' dir='ltr'><strong><em>in</em></strong></span> 
     </span>
     <span class='ocr_line' id='line_1_45' title="bbox 90 4287 374 4355; baseline 0.018 -21"><span class='ocrx_word' id='word_1_367' title='bbox 90 4287 188 4336; x_wconf 80' lang='lat' dir='ltr'><strong>ouatna</strong></span> <span class='ocrx_word' id='word_1_368' title='bbox 207 4289 374 4355; x_wconf 68' lang='lat' dir='ltr'><strong>apparuerat.</strong></span> 
     </span>
    </p>
   </div>
   <div class='ocr_carea' id='block_1_7' title="bbox 0 0 1408 4616">
    <p class='ocr_par' dir='ltr' id='par_1_17' title="bbox 0 0 1408 4616">
     <span class='ocr_line' id='line_1_46' title="bbox 0 0 1408 4616; baseline 0 1"><span class='ocrx_word' id='word_1_369' title='bbox 0 0 1408 4616; x_wconf 95' lang='lat' dir='ltr'><strong><em> </em></strong></span> 
     </span>
    </p>
   </div>
  </div>
 </body>
</html>
