2802 4636
522 280 581 348 DE
605 279 743 348 SIGNIS
769 280 830 349 GP.
1173 283 1224 354 69

126 475 272 537 θανοῦσα
295 466 499 555 χωρίζομαι.”
552 466 569 534 ὃ
596 471 629 536 δὲ
652 467 783 558 ίπαρχος
807 465 911 546 εῦνους
926 473 969 558 τῷ
984 473 1170 549 βασιλείκαὶ
1186 480 1225 561 τῇ

128 573 216 640 πόλει
231 569 400 658 τυγχάνων,
424 571 529 655 λαβὼν
545 572 616 639 ὅλον
632 574 667 639 τὸ
683 581 820 640 τοιοῦτον
837 569 958 654 ζώδιον,
985 577 1027 650 είς
1045 573 1226 660 προσθήκην

130 685 177 767 τῷ
200 679 333 765 δημοσίῳ
354 673 465 758 νοῦμια
488 672 641 764 ίχοίραξεν.
692 678 769 742 ἀλλὰ
793 679 843 743 καί
857 687 962 763 χοῖρος
977 679 1083 744 ἵστατο
1101 676 1220 746 ἀνωθεν
1237 688 1261 741 1)

130 787 191 848 τῶν
215 780 293 844 κατά
317 779 471 865 συστάδην
496 781 662 864 ἱσταμένων
686 779 809 861 κιόνων,
836 782 990 864 σημαίνων
1012 779 1067 863 τὴν
1091 783 1226 868 κραυγήν

102 892 184 969 ὁτῆς
204 881 414 970 πανηγύρεως,
440 887 489 948 καί
513 885 611 970 γυμνή
636 881 731 969 στήλη
755 888 881 969 πλησίον
898 884 1009 962 αὐτοῦ,
1034 886 1225 968 σημαίνουσα

125 988 161 1054 τδ
177 987 376 1069 ἀναίσχυντον
392 995 453 1054 suiv
469 987 649 1054 πωλούντων
665 992 715 1054 καί
732 995 793 1054 τῶν
809 985 1026 1076 ἀγοραζόντων.

227 1089 428 1174 Συστημολτια
452 1093 485 1157 δέ
507 1097 645 1160 ἵστανται
666 1093 760 1177 μέσον
776 1089 832 1159 τοῦ
848 1090 946 1180 φόρου
964 1091 1076 1170 ένζωδα
1093 1092 1141 1156 ἐπὶ
1158 1088 1224 1158 κιό-

125 1221 203 1274 νων,
230 1197 262 1260 ἒν
288 1191 333 1272 οἷς
358 1198 519 1278 δηλοῦνται
542 1200 573 1262 ἐν
597 1198 743 1285 ἱστορίαις
765 1196 804 1262 τά
828 1197 976 1280 μέλλοντα
993 1192 1174 1280 γενήσεσθαι
1191 1197 1223 1262 έν

125 1306 163 1385 τῇ
196 1296 292 1363 πόλει.
343 1305 441 1363 ταῦτα
465 1301 498 1364 δὲ
519 1298 618 1365 πάντα
643 1301 811 1385 έστήλωσεν
838 1297 1048 1375 Ἀπολλώνιος
1072 1297 1181 1375 ἐκεῖνος
1205 1297 1222 1364 ὃ

80 1418 118 1472 10
129 1399 283 1482 Τυανεύς,
309 1397 325 1465 ὃ
352 1402 448 1490 σοφὸς
469 1405 520 1467 καὶ
544 1402 667 1490 ἀριστος
690 1400 895 1490 ἀστρονόμος,
921 1407 971 1468 καὶ
994 1400 1221 1485 ε’στοιχειοίσατο

123 1502 261 1589 ὀνόματα
278 1507 464 1592 ἐπικρατείας
481 1508 537 1583 ἕως
554 1509 658 1583 τέλους
675 1506 802 1572 αίώνων.
1100 1576 1104 1587 ,

224 1609 275 1672 Ἐν
299 1609 332 1673 δέ
356 1615 398 1698 τῷ
416 1607 538 1700 μεγάλῳ
556 1613 648 1699 μιλίῳ
668 1611 833 1676 Θεοδοσίου
851 1603 945 1694 στήλη
959 1611 1082 1675 ίοταται
1100 1607 1151 1696 ἔφ’
1169 1609 1223 1672 λιτ-

123 1738 184 1777 που
205 1718 340 1796 χαλκοῦ,
367 1716 416 1778 καλ
439 1715 470 1780 ἔν
489 1721 528 1800 τῇ
542 1717 620 1802 χειρὶ
636 1721 735 1798 μήλον
751 1716 801 1780 καί
820 1714 989 1798 στηλοειδές
1006 1738 1036 1777 τι
1053 1719 1222 1799 στεφανοῦν

123 1817 330 1903 ἀνδροείκελον
349 1813 472 1903 ἀγαλμα
489 1815 625 1900 ἔχοντος,
641 1818 679 1902 ἣν
696 1819 849 1906 ἀνεγείρας
865 1823 903 1902 τῇ
920 1813 1005 1879 πόλει
1021 1816 1119 1879 πολλὰ
1136 1839 1222 1898 σιτη-
1239 1823 1261 1874 P
1278 1821 1313 1879 37

79 1936 116 1990 15
124 1921 211 2008 ρίσια
229 1921 367 1984 δέδωκεν.
418 1920 447 1983 οἳ
464 1921 498 1984 δὲ
514 1923 606 1986 ε’κεΐσε
624 1920 703 1986 ὀκτὼ
720 1923 815 1997 κίονες
829 1922 878 1984 καὶ
893 1919 922 1983 οἳ
935 1920 1088 1995 ποδίσκοι,
1112 1913 1224 1999 ὅμοίως

122 2026 176 2089 καὶ
201 2029 260 2087 τῶν
286 2021 481 2108 ἀρτοπωλίων
503 2023 582 2088 ὀκτὼ
605 2027 699 2100 κίονες
720 2026 771 2087 καὶ
795 2031 856 2088 τῶν
879 2022 1085 2106 τζυκαλαρίων
1102 2022 1152 2084 καί
1169 2028 1222 2104 τῆς

120 2131 257 2208 χαλκῆς,
281 2122 401 2206 έχουσιν
418 2125 551 2212 ἴστορίας
568 2124 699 2208 πολλάς,
725 2126 762 2204 ἀς
777 2127 828 2191 καλ
844 2120 995 2200 καλλῦνας
1010 2119 1188 2210 έχρῦοωσεν.

192 2357 208 2409 1
226 2349 242 2406 ὃ
260 2379 294 2391 -
312 2351 330 2404 3
345 2346 435 2419 ἀλλά]
451 2347 520 2419 ὅπερ
538 2349 553 2406 ὁ
572 2347 693 2422 ἔπαρχος
708 2352 751 2426 opi
764 2351 887 2422 δημοσίῳ
904 2348 1080 2422 προσέθηκεν
1098 2350 1137 2417 είς
1153 2372 1219 2408 νου-

190 2422 241 2490 μία
256 2424 317 2482 τοῖς
332 2418 637 2490 προαναδεδηλωκόσιν.
654 2425 712 2478 CF.
815 2423 833 2478 3
848 2417 963 2477 ἀνωθεν
974 2453 1008 2461 -
1019 2418 1121 2477 κιόνων
1133 2442 1173 2478 om
1185 2427 1219 2478 C.

192 2496 209 2551 7
226 2509 254 2578 p.
273 2493 306 2545 15
322 2491 406 2543 Bend.
508 2487 694 2560 συστημάτων
710 2487 743 2545 δὲ
760 2486 845 2560 μέσον
860 2492 912 2545 τοῦ
927 2487 1019 2559 φόρου
1037 2488 1157 2555 deludor
1173 2487 1219 2546 ἐπὶ

189 2579 292 2616 κιονιον
309 2555 456 2628 ίστοίμενον
471 2555 520 2614 καλ
536 2553 567 2613 ίυ
584 2557 662 2630 αῦτηῦ
677 2559 782 2629 δηλοῦν
798 2557 851 2623 τοὶς
866 2556 989 2628 ίστορίας
999 2560 1055 2614 ττῦν
1064 2558 1219 2628 μελλόντων

192 2624 310 2700 ἐσχάτως
326 2629 452 2697 γίνεσθαι
469 2622 513 2682 ἐπί
531 2626 619 2700 ταύτῃ
637 2630 673 2700 τῇ
689 2626 780 2684 πόλει.
812 2626 842 2683 οἱ
857 2625 889 2682 dl
907 2628 1068 2698 στηλωτικολ
1081 2631 1137 2683 τῶν
1148 2624 1219 2684 ἀπο-

189 2695 359 2768 τελεσμάτων
375 2699 465 2752 ταῦτα
481 2695 575 2752 ποίντα
592 2699 725 2754 συνίασιν.
756 2693 890 2767 ίστήλωσε
907 2694 937 2752 δὲ
957 2695 1029 2752 αὐτοὶ
1043 2695 1219 2762 Ἀπολλώνιος

190 2764 206 2821 ὃ
234 2763 357 2829 Τυανεὺς
376 2765 568 2835 παρακληθεὶς
592 2763 671 2834 παρά
695 2768 909 2821 Κωνσταντίνου
932 2769 983 2820 τοῦ
1007 2765 1141 2834 μεγοίλου,
1169 2769 1218 2821 καλ

191 2832 324 2890 εἰσελθών
353 2829 519 2904 έστοιχείωοε
546 2830 581 2888 roi
608 2831 735 2905 doripetron
763 2838 812 2905 τῆς
839 2830 1015 2904 ἐπικρατείας
1045 2833 1095 2897 ἕως
1120 2833 1219 2896 τέλους

191 2902 311 2960 αίτόυων.
330 2904 363 2959 C.
398 2899 466 2972 μεταλ
485 2904 591 2968 coelos
605 2923 654 2975 pro
673 2902 779 2968 ένζωδα
799 2907 861 2959 vat.
989 2906 1023 2958 12
1039 2923 1066 2972 p.
1086 2905 1117 2956 ll
1138 2913 1166 2956 et
1181 2904 1217 2960 86

189 2974 276 3027 Band.
386 2969 511 3043 μεγάλῳ]
528 2971 664 3042 λεγομένω
682 2976 714 3029 C.
826 2977 860 3030 13
877 2969 925 3026 καλ
941 2975 1017 3041 στηλ.
1036 3001 1069 3011 -—
1088 2968 1103 3024 ί
1118 2975 1214 3042 ουτος]

188 3043 360 3166 αρηιλτοῦὸτος
375 3043 408 3098 C.
534 3041 568 3096 16
585 3027 691 3099 tertium
707 3042 757 3098 καλ
772 3044 824 3099 edd
842 3045 874 3098 C.
996 3041 1029 3098 17
1047 3035 1082 3104 δίς
1098 2991 1116 3094 δ
1133 3035 1218 3104 αῦτδς

187 3130 225 3167 κα
258 3149 266 3167 .
312 3151 319 3168 .

118 3326 184 3386 tem,
213 3317 260 3386 qui
283 3317 435 3386 imperatori
451 3318 480 3369 et
496 3316 556 3369 urbi
570 3316 637 3369 bene
651 3316 772 3384 volebut,
797 3318 880 3369 totum
897 3313 961 3368 illud
977 3315 1078 3385 signum
1095 3316 1214 3386 eugendo

119 3387 222 3442 aerario
246 3386 350 3454 publico
373 3386 402 3438 in
424 3401 540 3439 nummos
560 3385 672 3454 redegit.
706 3385 803 3438 ibidem
822 3384 902 3438 etiem
919 3386 1007 3438 stebet
1024 3403 1118 3456 porcus
1136 3403 1215 3455 supro

118 3459 251 3512 columnas
269 3456 417 3524 contiguas,
434 3454 605 3508 multitudinis
621 3453 759 3524 strepitum
774 3455 918 3517 denotem
936 3462 964 3506 et
979 3472 1062 3524 prope
1080 3455 1216 3508 visebatur

119 3529 171 3581 alia
195 3531 283 3578 stetue
306 3525 390 3591 uude,
415 3525 566 3594 significans
589 3524 773 3595 impudentiam
797 3541 885 3578 eorum
909 3525 955 3594 qui
980 3525 1096 3577 vendunt
1119 3531 1147 3577 et
1169 3524 1215 3594 qui

117 3600 216 3651 emunt.

220 3664 253 3716 In
275 3662 361 3714 medio
384 3665 443 3715 foro
467 3679 604 3732 compages
628 3661 753 3731 queedom
776 3661 912 3730 seriesque
932 3661 1074 3729 figurarum
1090 3661 1215 3714 columnis

119 3734 254 3804 impositae
276 3732 412 3801 visuntur,
438 3749 505 3801 quae
528 3750 571 3784 res
595 3733 654 3784 urbi
677 3730 815 3800 aliquando
838 3736 978 3784 eventuras
994 3731 1121 3784 indicunt.
1154 3731 1213 3784 illes

118 3821 184 3858 vero
202 3819 287 3855 omnes
305 3801 391 3853 erexit
407 3802 557 3871 Apollonius
571 3803 711 3870 Tyaneus,
728 3799 903 3852 astronomiae
914 3799 1111 3866 scientissimus,
1128 3800 1214 3868 iisque

117 3873 223 3927 nomina
239 3871 388 3924 successive
405 3873 590 3941 imperatorum
607 3887 690 3938 usque
707 3870 740 3922 ed
756 3869 916 3922 soeculorum
934 3869 1011 3922 finem
1025 3869 1171 3939 insculpsit.

222 3941 253 3993 In
270 3957 364 4009 magno
379 3940 488 3993 miliario
506 3941 629 3993 collocate
646 3946 687 3992 est
702 3938 845 3990 Theodosii
859 3945 948 3990 statuo
958 3940 1086 4008 equestris
1098 3955 1131 3991 er
1142 3953 1214 4001 aere,

118 4029 196 4064 manu
224 4027 317 4094 gerens
344 4027 446 4080 pomum
469 4016 497 4062 et
519 4027 626 4078 parvam
649 4015 763 4061 statuum
783 4007 868 4076 ipsum
891 4017 1068 4061 coronantem.
1101 4007 1129 4057 in
1156 4004 1214 4056 eius

119 4081 285 4133 dedicatione
302 4095 427 4132 annonam
443 4079 613 4147 largissimam
630 4079 725 4148 populo
743 4077 875 4145 praebuit.
912 4085 971 4130 outo
986 4087 1073 4130 autem
1085 4091 1151 4142 quse
1162 4073 1217 4125 illic

119 4157 182 4201 sunt
207 4151 340 4202 columnae
362 4166 420 4202 cum
442 4149 496 4201 suis
518 4149 613 4218 spiris,
638 4149 798 4216 totidemque
814 4146 880 4200 eliae
896 4147 925 4199 in
941 4144 1084 4216 Artopoliis
1102 4143 1216 4209 positae,

118 4225 200 4286 atque
225 4217 357 4271 columneo
380 4218 593 4286 szcaleriorum
616 4222 644 4270 et
669 4235 736 4301 puae
759 4220 833 4270 stent
853 4217 880 4269 in
903 4217 1015 4280 Chalos,
1041 4226 1129 4262 omnes
1154 4209 1214 4265 illee

117 4287 214 4342 multos
229 4288 361 4342 continent
376 4289 515 4357 historias,
533 4305 598 4359 ques
614 4287 730 4342 Collinas
746 4285 887 4341 inauravit.
