<?xml version="1.0" encoding="UTF-8"?>
<!DOCTYPE html PUBLIC "-//W3C//DTD XHTML 1.0 Transitional//EN"
    "http://www.w3.org/TR/xhtml1/DTD/xhtml1-transitional.dtd">
<html xmlns="http://www.w3.org/1999/xhtml" xml:lang="en" lang="en">
 <head>
  <title>
</title>
<meta http-equiv="Content-Type" content="text/html;charset=utf-8" />
  <meta name='ocr-system' content='tesseract 3.04.00' />
  <meta name='ocr-capabilities' content='ocr_page ocr_carea ocr_par ocr_line ocrx_word'/>
</head>
<body>
  <div class='ocr_page' id='page_1' title='image "./excerptadeantiq00codigoog_0031.png"; bbox 0 0 2802 4636; ppageno 0'>
   <div class='ocr_carea' id='block_1_1' title="bbox 161 291 936 366">
    <p class='ocr_par' dir='ltr' id='par_1_1' title="bbox 161 291 936 366">
     <span class='ocr_line' id='line_1_1' title="bbox 161 291 936 366; baseline -0.004 -1"><span class='ocrx_word' id='word_1_1' title='bbox 161 296 209 366; x_wconf 88' lang='grc'><strong>14</strong></span> <span class='ocrx_word' id='word_1_2' title='bbox 499 291 719 360; x_wconf 88' lang='lat' dir='ltr'>GEORGIUS</span> <span class='ocrx_word' id='word_1_3' title='bbox 747 291 936 362; x_wconf 80' lang='lat' dir='ltr'><strong>conluus</strong></span> 
     </span>
    </p>
   </div>
   <div class='ocr_carea' id='block_1_2' title="bbox 88 478 1398 2759">
    <p class='ocr_par' dir='ltr' id='par_1_2' title="bbox 158 478 1279 779">
     <span class='ocr_line' id='line_1_2' title="bbox 158 478 1278 570; baseline -0.001 -19"><span class='ocrx_word' id='word_1_4' title='bbox 158 483 257 552; x_wconf 65' lang='grc' dir='ltr'><strong><em>ἔκτισε</em></strong></span> <span class='ocrx_word' id='word_1_5' title='bbox 274 479 330 548; x_wconf 86' lang='grc' dir='ltr'><strong>δῦο</strong></span> <span class='ocrx_word' id='word_1_6' title='bbox 348 478 464 570; x_wconf 86' lang='grc' dir='ltr'><strong><em>λοοτρά</em></strong></span> <span class='ocrx_word' id='word_1_7' title='bbox 473 531 484 562; x_wconf 98' lang='grc'><strong><em>,</em></strong></span> <span class='ocrx_word' id='word_1_8' title='bbox 510 479 628 550; x_wconf 75' lang='grc' dir='ltr'><strong><em>ἔσωθεν</em></strong></span> <span class='ocrx_word' id='word_1_9' title='bbox 643 483 699 565; x_wconf 81' lang='grc' dir='ltr'><strong><em>μέν</em></strong></span> <span class='ocrx_word' id='word_1_10' title='bbox 716 487 772 568; x_wconf 82' lang='grc' dir='ltr'><strong><em>τῆς</em></strong></span> <span class='ocrx_word' id='word_1_11' title='bbox 787 479 905 560; x_wconf 90' lang='grc' dir='ltr'><strong><em>πόλεως</em></strong></span> <span class='ocrx_word' id='word_1_12' title='bbox 921 483 974 550; x_wconf 74' lang='grc' dir='ltr'><strong><em>καὶ</em></strong></span> <span class='ocrx_word' id='word_1_13' title='bbox 992 484 1120 567; x_wconf 85' lang='grc' dir='ltr'><strong><em>πλησίον</em></strong></span> <span class='ocrx_word' id='word_1_14' title='bbox 1142 489 1201 550; x_wconf 90' lang='grc' dir='ltr'><strong>τοῦ</strong></span> <span class='ocrx_word' id='word_1_15' title='bbox 1217 511 1278 550; x_wconf 87' lang='grc' dir='ltr'><strong>πα-</strong></span> 
     </span>
     <span class='ocr_line' id='line_1_3' title="bbox 158 584 1279 672; baseline 0.002 -18"><span class='ocrx_word' id='word_1_16' title='bbox 158 591 266 656; x_wconf 86' lang='grc' dir='ltr'><strong><em>λατίοο</em></strong></span> <span class='ocrx_word' id='word_1_17' title='bbox 291 587 340 666; x_wconf 73' lang='grc' dir='ltr'><strong><em>ἵν,</em></strong></span> <span class='ocrx_word' id='word_1_18' title='bbox 365 585 400 654; x_wconf 83' lang='grc' dir='ltr'><strong>τό</strong></span> <span class='ocrx_word' id='word_1_19' title='bbox 425 585 614 671; x_wconf 77' lang='grc' dir='ltr'><strong><em>καλούμενον</em></strong></span> <span class='ocrx_word' id='word_1_20' title='bbox 629 584 823 668; x_wconf 76' lang='grc' dir='ltr'><strong><em>Ζεύξιππον,</em></strong></span> <span class='ocrx_word' id='word_1_21' title='bbox 848 586 965 669; x_wconf 74' lang='grc' dir='ltr'><strong><em>έξωθεν</em></strong></span> <span class='ocrx_word' id='word_1_22' title='bbox 983 588 1017 654; x_wconf 77' lang='grc' dir='ltr'><strong>δὲ</strong></span> <span class='ocrx_word' id='word_1_23' title='bbox 1032 595 1089 672; x_wconf 84' lang='grc' dir='ltr'><strong><em>τῆς</em></strong></span> <span class='ocrx_word' id='word_1_24' title='bbox 1105 584 1224 667; x_wconf 92' lang='grc' dir='ltr'><strong><em>πόλεως</em></strong></span> <span class='ocrx_word' id='word_1_25' title='bbox 1240 589 1279 656; x_wconf 87' lang='grc' dir='ltr'><strong><em>τά</em></strong></span> 
     </span>
     <span class='ocr_line' id='line_1_4' title="bbox 158 688 1279 779; baseline -0.001 -18"><span class='ocrx_word' id='word_1_26' title='bbox 158 701 214 761; x_wconf 87' lang='grc' dir='ltr'><strong>νῦν</strong></span> <span class='ocrx_word' id='word_1_27' title='bbox 230 688 404 775; x_wconf 76' lang='grc' dir='ltr'><strong><em>καλούμενα</em></strong></span> <span class='ocrx_word' id='word_1_28' title='bbox 420 693 576 775; x_wconf 87' lang='grc' dir='ltr'><strong><em>Καμίνια,</em></strong></span> <span class='ocrx_word' id='word_1_29' title='bbox 602 692 732 779; x_wconf 79' lang='grc' dir='ltr'><strong><em>λουτρόν</em></strong></span> <span class='ocrx_word' id='word_1_30' title='bbox 756 692 918 777; x_wconf 80' lang='grc' dir='ltr'><strong><em>εῦμεγεθές</em></strong></span> <span class='ocrx_word' id='word_1_31' title='bbox 939 694 991 760; x_wconf 76' lang='grc' dir='ltr'><strong><em>καί</em></strong></span> <span class='ocrx_word' id='word_1_32' title='bbox 1016 690 1279 776; x_wconf 76' lang='grc' dir='ltr'><strong><em>ἀξιοθαύμαστον.</em></strong></span> 
     </span>
    </p>

    <p class='ocr_par' dir='ltr' id='par_1_3' title="bbox 88 791 1398 1823">
     <span class='ocr_line' id='line_1_5' title="bbox 88 791 1279 889; baseline 0.007 -33"><span class='ocrx_word' id='word_1_33' title='bbox 88 805 144 862; x_wconf 75' lang='lat'><strong>1³7</strong></span> <span class='ocrx_word' id='word_1_34' title='bbox 161 800 194 864; x_wconf 79' lang='grc' dir='ltr'><strong>ἐκ</strong></span> <span class='ocrx_word' id='word_1_35' title='bbox 223 797 257 862; x_wconf 78' lang='grc' dir='ltr'><strong>δὲ</strong></span> <span class='ocrx_word' id='word_1_36' title='bbox 283 801 340 881; x_wconf 81' lang='grc' dir='ltr'><strong><em>τῆς</em></strong></span> <span class='ocrx_word' id='word_1_37' title='bbox 362 791 537 884; x_wconf 72' lang='grc' dir='ltr'><strong><em>ὑπερβολῆς</em></strong></span> <span class='ocrx_word' id='word_1_38' title='bbox 562 802 619 862; x_wconf 88' lang='grc' dir='ltr'><strong>τοῦ</strong></span> <span class='ocrx_word' id='word_1_39' title='bbox 642 798 795 883; x_wconf 82' lang='grc' dir='ltr'><strong><em>μεγέθους</em></strong></span> <span class='ocrx_word' id='word_1_40' title='bbox 811 796 907 864; x_wconf 86' lang='grc' dir='ltr'><strong><em>αάτοῦ</em></strong></span> <span class='ocrx_word' id='word_1_41' title='bbox 924 796 957 862; x_wconf 81' lang='grc' dir='ltr'><strong><em>έν</em></strong></span> <span class='ocrx_word' id='word_1_42' title='bbox 973 795 1086 886; x_wconf 76' lang='grc' dir='ltr'><strong><em>ἑκάστη</em></strong></span> <span class='ocrx_word' id='word_1_43' title='bbox 1103 793 1203 889; x_wconf 76' lang='grc' dir='ltr'><strong><em>ἡμέρη</em></strong></span> <span class='ocrx_word' id='word_1_44' title='bbox 1221 795 1279 864; x_wconf 88' lang='grc' dir='ltr'><strong>δῦο</strong></span> 
     </span>
     <span class='ocr_line' id='line_1_6' title="bbox 158 892 1304 988; baseline -0.002 -22"><span class='ocrx_word' id='word_1_45' title='bbox 158 898 297 986; x_wconf 80' lang='grc' dir='ltr'><strong>χιλιάδες</strong></span> <span class='ocrx_word' id='word_1_46' title='bbox 314 897 466 966; x_wconf 76' lang='grc' dir='ltr'><strong><em>ἐλοῦοντο.</em></strong></span> <span class='ocrx_word' id='word_1_47' title='bbox 515 892 592 986; x_wconf 77' lang='grc' dir='ltr'><strong><em>ἧπτε</em></strong></span> <span class='ocrx_word' id='word_1_48' title='bbox 610 901 696 967; x_wconf 78' lang='grc' dir='ltr'><strong><em>δὲτὸ</em></strong></span> <span class='ocrx_word' id='word_1_49' title='bbox 714 908 853 968; x_wconf 91' lang='grc' dir='ltr'><strong><em>τοιοῦτον</em></strong></span> <span class='ocrx_word' id='word_1_50' title='bbox 869 901 999 988; x_wconf 81' lang='grc' dir='ltr'><strong><em>λουτρὸν</em></strong></span> <span class='ocrx_word' id='word_1_51' title='bbox 1022 899 1101 984; x_wconf 79' lang='grc' dir='ltr'><strong><em>μετὰ</em></strong></span> <span class='ocrx_word' id='word_1_52' title='bbox 1125 907 1181 968; x_wconf 90' lang='grc' dir='ltr'><strong>τοῦ</strong></span> <span class='ocrx_word' id='word_1_53' title='bbox 1197 905 1304 985; x_wconf 72' lang='grc' dir='ltr'><strong><em>Μη-ἔι</em></strong></span> 
     </span>
     <span class='ocr_line' id='line_1_7' title="bbox 163 1001 1281 1091; baseline -0.002 -19"><span class='ocrx_word' id='word_1_54' title='bbox 163 1009 253 1072; x_wconf 88' lang='grc' dir='ltr'><strong><em>δικοῦ</em></strong></span> <span class='ocrx_word' id='word_1_55' title='bbox 268 1001 375 1090; x_wconf 86' lang='grc' dir='ltr'><strong><em>πυρός.</em></strong></span> <span class='ocrx_word' id='word_1_56' title='bbox 426 1003 462 1070; x_wconf 85' lang='grc' dir='ltr'><strong>τῦ</strong></span> <span class='ocrx_word' id='word_1_57' title='bbox 489 1005 524 1069; x_wconf 81' lang='grc' dir='ltr'><strong>δέ</strong></span> <span class='ocrx_word' id='word_1_58' title='bbox 538 1007 630 1091; x_wconf 90' lang='grc' dir='ltr'><strong><em>μέχρι</em></strong></span> <span class='ocrx_word' id='word_1_59' title='bbox 646 1011 703 1072; x_wconf 89' lang='grc' dir='ltr'><strong>τοῦ</strong></span> <span class='ocrx_word' id='word_1_60' title='bbox 718 1012 773 1072; x_wconf 90' lang='grc' dir='ltr'><strong>νῦν</strong></span> <span class='ocrx_word' id='word_1_61' title='bbox 789 1003 961 1088; x_wconf 79' lang='grc' dir='ltr'>σωζόμενον</span> <span class='ocrx_word' id='word_1_62' title='bbox 978 1001 1184 1091; x_wconf 76' lang='grc' dir='ltr'><strong><em>ἱπποδρόμιον</em></strong></span> <span class='ocrx_word' id='word_1_63' title='bbox 1200 1007 1281 1072; x_wconf 77' lang='grc' dir='ltr'><strong><em>ἐκτί-</em></strong></span> 
     </span>
     <span class='ocr_line' id='line_1_8' title="bbox 161 1105 1388 1197; baseline 0.002 -23"><span class='ocrx_word' id='word_1_64' title='bbox 161 1116 227 1194; x_wconf 85' lang='grc' dir='ltr'><strong>σθη</strong></span> <span class='ocrx_word' id='word_1_65' title='bbox 253 1107 331 1196; x_wconf 77' lang='grc' dir='ltr'><strong><em>παρ’</em></strong></span> <span class='ocrx_word' id='word_1_66' title='bbox 359 1107 456 1176; x_wconf 85' lang='grc' dir='ltr'><strong><em>αάτοῦ</em></strong></span> <span class='ocrx_word' id='word_1_67' title='bbox 482 1115 538 1174; x_wconf 87' lang='grc' dir='ltr'><strong>τοῦ</strong></span> <span class='ocrx_word' id='word_1_68' title='bbox 555 1105 714 1197; x_wconf 82' lang='grc' dir='ltr'><strong><em>Σεβήροο,</em></strong></span> <span class='ocrx_word' id='word_1_69' title='bbox 737 1106 844 1194; x_wconf 81' lang='grc' dir='ltr'><strong><em>κήπων</em></strong></span> <span class='ocrx_word' id='word_1_70' title='bbox 868 1109 965 1176; x_wconf 86' lang='grc' dir='ltr'><strong><em>όντων</em></strong></span> <span class='ocrx_word' id='word_1_71' title='bbox 989 1112 1083 1178; x_wconf 77' lang='grc' dir='ltr'><strong><em>ἐκεῖσε</em></strong></span> <span class='ocrx_word' id='word_1_72' title='bbox 1110 1108 1165 1177; x_wconf 73' lang='lat' dir='ltr'><strong>tto</strong></span> <span class='ocrx_word' id='word_1_73' title='bbox 1189 1117 1281 1176; x_wconf 83' lang='grc' dir='ltr'><strong><em>τινών</em></strong></span> <span class='ocrx_word' id='word_1_74' title='bbox 1386 1125 1388 1129; x_wconf 82' lang='grc'><strong>“</strong></span> 
     </span>
     <span class='ocr_line' id='line_1_9' title="bbox 162 1206 1281 1302; baseline 0.002 -24"><span class='ocrx_word' id='word_1_75' title='bbox 162 1214 306 1302; x_wconf 76' lang='grc' dir='ltr'><strong><em>ἀδελφῶν</em></strong></span> <span class='ocrx_word' id='word_1_76' title='bbox 329 1215 380 1278; x_wconf 84' lang='grc' dir='ltr'><strong><em>καὶ</em></strong></span> <span class='ocrx_word' id='word_1_77' title='bbox 406 1212 549 1298; x_wconf 84' lang='grc' dir='ltr'><strong><em>γυναικός</em></strong></span> <span class='ocrx_word' id='word_1_78' title='bbox 562 1210 673 1302; x_wconf 76' lang='grc' dir='ltr'><strong><em>χήρας.</em></strong></span> <span class='ocrx_word' id='word_1_79' title='bbox 724 1214 815 1302; x_wconf 89' lang='grc' dir='ltr'><strong><em>μέχρι</em></strong></span> <span class='ocrx_word' id='word_1_80' title='bbox 830 1215 886 1299; x_wconf 74' lang='grc' dir='ltr'><strong><em>μέν</em></strong></span> <span class='ocrx_word' id='word_1_81' title='bbox 904 1206 957 1280; x_wconf 86' lang='grc' dir='ltr'><strong><em>οῦν</em></strong></span> <span class='ocrx_word' id='word_1_82' title='bbox 974 1221 1031 1280; x_wconf 91' lang='grc' dir='ltr'><strong>τοῦ</strong></span> <span class='ocrx_word' id='word_1_83' title='bbox 1042 1219 1163 1298; x_wconf 79' lang='grc' dir='ltr'><strong><em>χαλκοῦ</em></strong></span> <span class='ocrx_word' id='word_1_84' title='bbox 1180 1216 1281 1292; x_wconf 88' lang='grc' dir='ltr'><strong><em>κίονος</em></strong></span> 
     </span>
     <span class='ocr_line' id='line_1_10' title="bbox 160 1310 1281 1406; baseline -0.002 -22"><span class='ocrx_word' id='word_1_85' title='bbox 160 1324 218 1384; x_wconf 90' lang='grc' dir='ltr'><strong>τοῦ</strong></span> <span class='ocrx_word' id='word_1_86' title='bbox 236 1314 473 1404; x_wconf 87' lang='grc' dir='ltr'><strong><em>Τετραπλεόροο</em></strong></span> <span class='ocrx_word' id='word_1_87' title='bbox 490 1319 611 1396; x_wconf 83' lang='grc' dir='ltr'><strong><em>πεδινός</em></strong></span> <span class='ocrx_word' id='word_1_88' title='bbox 627 1310 665 1402; x_wconf 81' lang='grc' dir='ltr'><strong><em>ἦν</em></strong></span> <span class='ocrx_word' id='word_1_89' title='bbox 682 1313 699 1386; x_wconf 81' lang='grc' dir='ltr'><strong><em>ὅ</em></strong></span> <span class='ocrx_word' id='word_1_90' title='bbox 716 1315 827 1398; x_wconf 85' lang='grc' dir='ltr'><strong><em>τόπος,</em></strong></span> <span class='ocrx_word' id='word_1_91' title='bbox 853 1318 915 1386; x_wconf 83' lang='grc' dir='ltr'><strong><em>ἀπὸ</em></strong></span> <span class='ocrx_word' id='word_1_92' title='bbox 940 1319 975 1386; x_wconf 80' lang='grc' dir='ltr'><strong>δέ</strong></span> <span class='ocrx_word' id='word_1_93' title='bbox 990 1317 1101 1384; x_wconf 84' lang='grc' dir='ltr'><strong><em>τοῦτον</em></strong></span> <span class='ocrx_word' id='word_1_94' title='bbox 1119 1320 1171 1384; x_wconf 81' lang='grc' dir='ltr'><strong><em>καὶ</em></strong></span> <span class='ocrx_word' id='word_1_95' title='bbox 1187 1319 1281 1406; x_wconf 89' lang='grc' dir='ltr'><strong><em>μέχρι</em></strong></span> 
     </span>
     <span class='ocr_line' id='line_1_11' title="bbox 159 1413 1398 1508; baseline -0.005 -18"><span class='ocrx_word' id='word_1_96' title='bbox 159 1427 217 1506; x_wconf 85' lang='grc' dir='ltr'><strong><em>τῆς</em></strong></span> <span class='ocrx_word' id='word_1_97' title='bbox 242 1418 419 1508; x_wconf 81' lang='grc' dir='ltr'><strong><em>Σφενδόνης</em></strong></span> <span class='ocrx_word' id='word_1_98' title='bbox 448 1429 586 1504; x_wconf 81' lang='grc' dir='ltr'><strong><em>κρημνοῦ</em></strong></span> <span class='ocrx_word' id='word_1_99' title='bbox 615 1419 703 1500; x_wconf 88' lang='grc' dir='ltr'><strong><em>ῦντος</em></strong></span> <span class='ocrx_word' id='word_1_100' title='bbox 728 1425 824 1504; x_wconf 85' lang='grc' dir='ltr'><strong><em>κίονες</em></strong></span> <span class='ocrx_word' id='word_1_101' title='bbox 851 1422 1024 1508; x_wconf 73' lang='grc' dir='ltr'><strong><em>εὐμεγέθεις</em></strong></span> <span class='ocrx_word' id='word_1_102' title='bbox 1046 1425 1098 1488; x_wconf 77' lang='grc' dir='ltr'><strong><em>καὶ</em></strong></span> <span class='ocrx_word' id='word_1_103' title='bbox 1125 1427 1278 1504; x_wconf 87' lang='grc' dir='ltr'><strong><em>κτίσματα</em></strong></span> <span class='ocrx_word' id='word_1_104' title='bbox 1287 1431 1321 1485; x_wconf 84' lang='grc'><strong>10</strong></span> <span class='ocrx_word' id='word_1_105' title='bbox 1397 1413 1398 1454; x_wconf 46' lang='grc' dir='ltr'><strong><em>λ</em></strong></span> 
     </span>
     <span class='ocr_line' id='line_1_12' title="bbox 161 1523 1280 1614; baseline 0 -24"><span class='ocrx_word' id='word_1_106' title='bbox 161 1524 389 1612; x_wconf 87' lang='grc' dir='ltr'><strong><em>ἀνηγέρθησαν.</em></strong></span> <span class='ocrx_word' id='word_1_107' title='bbox 441 1523 520 1592; x_wconf 76' lang='grc' dir='ltr'><strong><em>ἴνθα</em></strong></span> <span class='ocrx_word' id='word_1_108' title='bbox 538 1527 578 1609; x_wconf 86' lang='grc' dir='ltr'><strong>δὴ</strong></span> <span class='ocrx_word' id='word_1_109' title='bbox 596 1528 647 1592; x_wconf 77' lang='grc' dir='ltr'><strong><em>καὶ</em></strong></span> <span class='ocrx_word' id='word_1_110' title='bbox 665 1523 684 1611; x_wconf 83' lang='grc' dir='ltr'><strong><em>ἡ</em></strong></span> <span class='ocrx_word' id='word_1_111' title='bbox 701 1526 811 1614; x_wconf 74' lang='grc' dir='ltr'><strong><em>ψυχροὶ</em></strong></span> <span class='ocrx_word' id='word_1_112' title='bbox 829 1527 1001 1611; x_wconf 77' lang='grc' dir='ltr'><strong><em>καλουμένη</em></strong></span> <span class='ocrx_word' id='word_1_113' title='bbox 1019 1526 1177 1613; x_wconf 87' lang='grc' dir='ltr'><strong><em>κινστέρνα</em></strong></span> <span class='ocrx_word' id='word_1_114' title='bbox 1205 1529 1280 1606; x_wconf 76' lang='grc' dir='ltr'><strong><em>ἐστί,</em></strong></span> 
     </span>
     <span class='ocr_line' id='line_1_13' title="bbox 162 1622 1281 1718; baseline 0.003 -24"><span class='ocrx_word' id='word_1_115' title='bbox 162 1627 241 1694; x_wconf 84' lang='grc' dir='ltr'><strong><em>διότι</em></strong></span> <span class='ocrx_word' id='word_1_116' title='bbox 257 1625 337 1694; x_wconf 81' lang='grc' dir='ltr'><strong><em>πάνυ</em></strong></span> <span class='ocrx_word' id='word_1_117' title='bbox 355 1627 538 1716; x_wconf 89' lang='grc' dir='ltr'><strong><em>κρημνώδης</em></strong></span> <span class='ocrx_word' id='word_1_118' title='bbox 553 1622 592 1714; x_wconf 80' lang='grc' dir='ltr'><strong><em>ἦν</em></strong></span> <span class='ocrx_word' id='word_1_119' title='bbox 609 1626 625 1696; x_wconf 83' lang='grc' dir='ltr'>ὁ</span> <span class='ocrx_word' id='word_1_120' title='bbox 643 1628 745 1707; x_wconf 91' lang='grc' dir='ltr'><strong><em>τόπος.</em></strong></span> <span class='ocrx_word' id='word_1_121' title='bbox 778 1630 814 1698; x_wconf 84' lang='grc' dir='ltr'><strong>τό</strong></span> <span class='ocrx_word' id='word_1_122' title='bbox 833 1633 867 1698; x_wconf 79' lang='grc' dir='ltr'><strong>δέ</strong></span> <span class='ocrx_word' id='word_1_123' title='bbox 883 1628 917 1696; x_wconf 77' lang='lat' dir='ltr'><strong>‘r&#39;r</strong></span> <span class='ocrx_word' id='word_1_124' title='bbox 932 1633 1026 1718; x_wconf 85' lang='grc' dir='ltr'><strong><em>μέρος</em></strong></span> <span class='ocrx_word' id='word_1_125' title='bbox 1035 1637 1096 1698; x_wconf 86' lang='grc' dir='ltr'><strong><em>τών</em></strong></span> <span class='ocrx_word' id='word_1_126' title='bbox 1111 1630 1281 1714; x_wconf 90' lang='grc' dir='ltr'><strong><em>βαθμίδων</em></strong></span> 
     </span>
     <span class='ocr_line' id='line_1_14' title="bbox 163 1731 1282 1823; baseline 0.002 -25"><span class='ocrx_word' id='word_1_127' title='bbox 163 1731 371 1819; x_wconf 88' lang='grc' dir='ltr'><strong><em>ἀνεπληρώθη</em></strong></span> <span class='ocrx_word' id='word_1_128' title='bbox 389 1733 466 1820; x_wconf 74' lang='grc' dir='ltr'><strong><em>παρ’</em></strong></span> <span class='ocrx_word' id='word_1_129' title='bbox 486 1735 582 1800; x_wconf 82' lang='grc' dir='ltr'><strong><em>αὐτοῦ</em></strong></span> <span class='ocrx_word' id='word_1_130' title='bbox 599 1741 657 1802; x_wconf 92' lang='grc' dir='ltr'><strong>τοῦ</strong></span> <span class='ocrx_word' id='word_1_131' title='bbox 672 1731 825 1820; x_wconf 82' lang='grc' dir='ltr'><strong><em>Σεβήροο.</em></strong></span> <span class='ocrx_word' id='word_1_132' title='bbox 868 1739 1056 1823; x_wconf 75' lang='grc' dir='ltr'><strong>κατελείφθη</strong></span> <span class='ocrx_word' id='word_1_133' title='bbox 1075 1736 1108 1802; x_wconf 71' lang='grc' dir='ltr'><strong>δὲ</strong></span> <span class='ocrx_word' id='word_1_134' title='bbox 1124 1733 1159 1802; x_wconf 86' lang='grc' dir='ltr'><strong>τῦ</strong></span> <span class='ocrx_word' id='word_1_135' title='bbox 1178 1737 1282 1820; x_wconf 63' lang='grc' dir='ltr'><strong><em>ἕτερον</em></strong></span> 
     </span>
    </p>

    <p class='ocr_par' dir='ltr' id='par_1_4' title="bbox 123 1837 1282 1926">
     <span class='ocr_line' id='line_1_15' title="bbox 123 1837 1282 1926; baseline 0.001 -24"><span class='ocrx_word' id='word_1_136' title='bbox 123 1837 269 1916; x_wconf 81' lang='grc' dir='ltr'><strong><em>Βάτελές</em></strong></span> <span class='ocrx_word' id='word_1_137' title='bbox 286 1838 337 1902; x_wconf 87' lang='grc' dir='ltr'><strong>διά</strong></span> <span class='ocrx_word' id='word_1_138' title='bbox 354 1838 389 1904; x_wconf 85' lang='grc' dir='ltr'><strong>τὸ</strong></span> <span class='ocrx_word' id='word_1_139' title='bbox 407 1839 509 1904; x_wconf 71' lang='grc' dir='ltr'><strong><em>ἐλθεῖν</em></strong></span> <span class='ocrx_word' id='word_1_140' title='bbox 526 1844 569 1918; x_wconf 82' lang='grc' dir='ltr'><strong>είς</strong></span> <span class='ocrx_word' id='word_1_141' title='bbox 585 1837 679 1908; x_wconf 87' lang='grc' dir='ltr'><strong><em>αῦτὸν</em></strong></span> <span class='ocrx_word' id='word_1_142' title='bbox 695 1839 835 1924; x_wconf 76' lang='grc' dir='ltr'><strong><em>ἀγγελίαν</em></strong></span> <span class='ocrx_word' id='word_1_143' title='bbox 853 1837 901 1906; x_wconf 80' lang='grc' dir='ltr'><strong>ότι</strong></span> <span class='ocrx_word' id='word_1_144' title='bbox 918 1838 1035 1908; x_wconf 78' lang='grc' dir='ltr'><strong><em>Γάλλοι</em></strong></span> <span class='ocrx_word' id='word_1_145' title='bbox 1051 1844 1207 1926; x_wconf 80' lang='grc' dir='ltr'><strong><em>πορθοῦσι</em></strong></span> <span class='ocrx_word' id='word_1_146' title='bbox 1224 1838 1282 1922; x_wconf 80' lang='grc' dir='ltr'><strong><em>τὴν</em></strong></span> 
     </span>
    </p>

    <p class='ocr_par' dir='ltr' id='par_1_5' title="bbox 159 1935 1322 2136">
     <span class='ocr_line' id='line_1_16' title="bbox 159 1935 1322 2034; baseline -0.003 -26"><span class='ocrx_word' id='word_1_147' title='bbox 159 1938 297 2026; x_wconf 81' lang='grc' dir='ltr'><strong><em>Ῥώμην,</em></strong></span> <span class='ocrx_word' id='word_1_148' title='bbox 323 1945 375 2007; x_wconf 80' lang='grc' dir='ltr'><strong><em>καὶ</em></strong></span> <span class='ocrx_word' id='word_1_149' title='bbox 400 1945 630 2030; x_wconf 68' lang='grc' dir='ltr'><strong><em>παραγενέσθαι</em></strong></span> <span class='ocrx_word' id='word_1_150' title='bbox 654 1946 686 2010; x_wconf 76' lang='grc' dir='ltr'><strong><em>ἓν</em></strong></span> <span class='ocrx_word' id='word_1_151' title='bbox 712 1943 801 2031; x_wconf 79' lang='grc' dir='ltr'><strong><em>αὐτῇ.</em></strong></span> <span class='ocrx_word' id='word_1_152' title='bbox 851 1935 968 2031; x_wconf 78' lang='grc' dir='ltr'><strong><em>ᾖδῆτα</em></strong></span> <span class='ocrx_word' id='word_1_153' title='bbox 985 1945 1037 2012; x_wconf 74' lang='grc' dir='ltr'><strong><em>καὶ</em></strong></span> <span class='ocrx_word' id='word_1_154' title='bbox 1054 1948 1180 2034; x_wconf 74' lang='grc' dir='ltr'><strong><em>τελευτᾷ</em></strong></span> <span class='ocrx_word' id='word_1_155' title='bbox 1196 1939 1322 2031; x_wconf 80' lang='grc' dir='ltr'><strong><em>νόσῳΙίν</em></strong></span> 
     </span>
     <span class='ocr_line' id='line_1_17' title="bbox 161 2044 878 2136; baseline 0.001 -24"><span class='ocrx_word' id='word_1_156' title='bbox 161 2046 328 2132; x_wconf 73' lang='grc' dir='ltr'><strong><em>ἐπιληψίας</em></strong></span> <span class='ocrx_word' id='word_1_157' title='bbox 332 2095 343 2126; x_wconf 88' lang='grc'><strong><em>,</em></strong></span> <span class='ocrx_word' id='word_1_158' title='bbox 365 2044 554 2128; x_wconf 77' lang='grc' dir='ltr'><strong><em>βασιλεύσας</em></strong></span> <span class='ocrx_word' id='word_1_159' title='bbox 566 2045 700 2136; x_wconf 83' lang='grc' dir='ltr'><strong><em>χρόνους</em></strong></span> <span class='ocrx_word' id='word_1_160' title='bbox 717 2045 878 2116; x_wconf 84' lang='grc' dir='ltr'><strong><em>δεκαεπτά.</em></strong></span> 
     </span>
    </p>

    <p class='ocr_par' dir='ltr' id='par_1_6' title="bbox 161 2148 1324 2759">
     <span class='ocr_line' id='line_1_18' title="bbox 265 2148 1282 2238; baseline -0.005 -23"><span class='ocrx_word' id='word_1_161' title='bbox 265 2153 445 2237; x_wconf 84' lang='grc' dir='ltr'><strong><em>Παρῆλθον</em></strong></span> <span class='ocrx_word' id='word_1_162' title='bbox 462 2153 496 2216; x_wconf 78' lang='grc' dir='ltr'><strong>δὲ</strong></span> <span class='ocrx_word' id='word_1_163' title='bbox 509 2149 617 2238; x_wconf 86' lang='grc' dir='ltr'><strong><em>χρόνοι</em></strong></span> <span class='ocrx_word' id='word_1_164' title='bbox 635 2151 780 2236; x_wconf 78' lang='grc' dir='ltr'><strong><em>ἑξήκοντα</em></strong></span> <span class='ocrx_word' id='word_1_165' title='bbox 797 2157 849 2220; x_wconf 83' lang='grc' dir='ltr'><strong><em>καλ</em></strong></span> <span class='ocrx_word' id='word_1_166' title='bbox 866 2152 1001 2218; x_wconf 75' lang='grc' dir='ltr'><strong><em>ἐπέκεινα</em></strong></span> <span class='ocrx_word' id='word_1_167' title='bbox 1019 2148 1092 2237; x_wconf 85' lang='grc' dir='ltr'><strong><em>ἀχρι</em></strong></span> <span class='ocrx_word' id='word_1_168' title='bbox 1109 2155 1164 2230; x_wconf 85' lang='grc' dir='ltr'><strong><em>τῆς</em></strong></span> <span class='ocrx_word' id='word_1_169' title='bbox 1186 2153 1282 2231; x_wconf 81' lang='grc' dir='ltr'><strong><em>βασι-</em></strong></span> 
     </span>
     <span class='ocr_line' id='line_1_19' title="bbox 162 2249 1282 2342; baseline 0.001 -27"><span class='ocrx_word' id='word_1_170' title='bbox 162 2253 246 2328; x_wconf 84' lang='grc' dir='ltr'><strong><em>λείας</em></strong></span> <span class='ocrx_word' id='word_1_171' title='bbox 269 2259 325 2315; x_wconf 89' lang='grc' dir='ltr'><strong>τοῦ</strong></span> <span class='ocrx_word' id='word_1_172' title='bbox 348 2249 483 2336; x_wconf 86' lang='grc' dir='ltr'><strong><em>μεγόλοιι</em></strong></span> <span class='ocrx_word' id='word_1_173' title='bbox 501 2256 747 2320; x_wconf 87' lang='grc' dir='ltr'><strong><em>Κωνσταντίνοα.</em></strong></span> <span class='ocrx_word' id='word_1_174' title='bbox 798 2257 830 2320; x_wconf 79' lang='grc' dir='ltr'><strong><em>έν</em></strong></span> <span class='ocrx_word' id='word_1_175' title='bbox 854 2257 889 2320; x_wconf 85' lang='grc' dir='ltr'><strong>δέ</strong></span> <span class='ocrx_word' id='word_1_176' title='bbox 914 2261 959 2342; x_wconf 76' lang='grc' dir='ltr'><strong>τῷ</strong></span> <span class='ocrx_word' id='word_1_177' title='bbox 979 2258 1203 2342; x_wconf 71' lang='grc' dir='ltr'><strong><em>τριακσσιοστρῦ</em></strong></span> <span class='ocrx_word' id='word_1_178' title='bbox 1228 2253 1282 2316; x_wconf 82' lang='grc' dir='ltr'><strong><em>καὶ</em></strong></span> 
     </span>
     <span class='ocr_line' id='line_1_20' title="bbox 162 2353 1281 2445; baseline 0 -25"><span class='ocrx_word' id='word_1_179' title='bbox 162 2353 317 2442; x_wconf 73' lang='grc' dir='ltr'><strong><em>ἑξηκοστῷ</em></strong></span> <span class='ocrx_word' id='word_1_180' title='bbox 334 2355 466 2444; x_wconf 82' lang='grc' dir='ltr'><strong><em>δευτέρῳ</em></strong></span> <span class='ocrx_word' id='word_1_181' title='bbox 483 2353 542 2421; x_wconf 78' lang='grc' dir='ltr'><strong><em>έτει</em></strong></span> <span class='ocrx_word' id='word_1_182' title='bbox 559 2356 620 2422; x_wconf 86' lang='grc' dir='ltr'><strong><em>ἀπὸ</em></strong></span> <span class='ocrx_word' id='word_1_183' title='bbox 639 2353 826 2442; x_wconf 85' lang='grc' dir='ltr'><strong><em>Αῦγοῦστοο</em></strong></span> <span class='ocrx_word' id='word_1_184' title='bbox 843 2361 1005 2445; x_wconf 86' lang='grc' dir='ltr'><strong><em>Καίσαρος</em></strong></span> <span class='ocrx_word' id='word_1_185' title='bbox 1021 2359 1205 2443; x_wconf 84' lang='grc' dir='ltr'><strong><em>μοναρχίας,</em></strong></span> <span class='ocrx_word' id='word_1_186' title='bbox 1224 2363 1281 2439; x_wconf 80' lang='grc' dir='ltr'><strong><em>τῆς</em></strong></span> 
     </span>
     <span class='ocr_line' id='line_1_21' title="bbox 161 2455 1324 2550; baseline -0.002 -26"><span class='ocrx_word' id='word_1_187' title='bbox 161 2459 371 2546; x_wconf 84' lang='grc' dir='ltr'><strong><em>πρεσβυτέρας</em></strong></span> <span class='ocrx_word' id='word_1_188' title='bbox 383 2455 504 2544; x_wconf 88' lang='grc' dir='ltr'><strong><em>Ῥώμης</em></strong></span> <span class='ocrx_word' id='word_1_189' title='bbox 519 2463 572 2526; x_wconf 84' lang='grc' dir='ltr'><strong><em>καὶ</em></strong></span> <span class='ocrx_word' id='word_1_190' title='bbox 588 2469 649 2527; x_wconf 83' lang='grc' dir='ltr'><strong><em>τῶν</em></strong></span> <span class='ocrx_word' id='word_1_191' title='bbox 665 2459 854 2548; x_wconf 84' lang='grc' dir='ltr'><strong><em>πραγμάτων</em></strong></span> <span class='ocrx_word' id='word_1_192' title='bbox 871 2463 967 2547; x_wconf 76' lang='grc' dir='ltr'><strong><em>αὐτῆς</em></strong></span> <span class='ocrx_word' id='word_1_193' title='bbox 982 2462 1043 2546; x_wconf 78' lang='grc' dir='ltr'><strong><em>ἤδη</em></strong></span> <span class='ocrx_word' id='word_1_194' title='bbox 1053 2463 1130 2550; x_wconf 85' lang='grc' dir='ltr'><strong><em>πρὸς</em></strong></span> <span class='ocrx_word' id='word_1_195' title='bbox 1138 2459 1173 2527; x_wconf 86' lang='grc' dir='ltr'><strong>τῦ</strong></span> <span class='ocrx_word' id='word_1_196' title='bbox 1183 2460 1324 2547; x_wconf 71' lang='grc' dir='ltr'><strong><em>πέραςθο</em></strong></span> 
     </span>
     <span class='ocr_line' id='line_1_22' title="bbox 163 2561 1282 2651; baseline 0.002 -23"><span class='ocrx_word' id='word_1_197' title='bbox 163 2562 357 2651; x_wconf 87' lang='grc' dir='ltr'><strong><em>ἀφιγμένων,</em></strong></span> <span class='ocrx_word' id='word_1_198' title='bbox 383 2565 617 2643; x_wconf 85' lang='grc' dir='ltr'><strong><em>Κωνσταντῖνος</em></strong></span> <span class='ocrx_word' id='word_1_199' title='bbox 642 2561 660 2630; x_wconf 81' lang='grc' dir='ltr'><em>ὃ</em></span> <span class='ocrx_word' id='word_1_200' title='bbox 688 2567 906 2633; x_wconf 84' lang='grc' dir='ltr'><strong><em>Κωνσταντίοο</em></strong></span> <span class='ocrx_word' id='word_1_201' title='bbox 931 2577 1004 2644; x_wconf 75' lang='grc' dir='ltr'><strong><em>παῖς</em></strong></span> <span class='ocrx_word' id='word_1_202' title='bbox 1028 2574 1090 2634; x_wconf 83' lang='grc' dir='ltr'><strong><em>τῶν</em></strong></span> <span class='ocrx_word' id='word_1_203' title='bbox 1116 2563 1282 2651; x_wconf 84' lang='grc' dir='ltr'><strong><em>σκήπτρων</em></strong></span> 
     </span>
     <span class='ocr_line' id='line_1_23' title="bbox 164 2665 1282 2759; baseline 0 -25"><span class='ocrx_word' id='word_1_204' title='bbox 164 2665 383 2752; x_wconf 73' lang='grc' dir='ltr'><strong><em>ἐπιλαβόμενος</em></strong></span> <span class='ocrx_word' id='word_1_205' title='bbox 398 2667 454 2753; x_wconf 80' lang='grc' dir='ltr'><strong><em>τὴν</em></strong></span> <span class='ocrx_word' id='word_1_206' title='bbox 470 2669 542 2736; x_wconf 84' lang='grc' dir='ltr'><strong><em>νέαν</em></strong></span> <span class='ocrx_word' id='word_1_207' title='bbox 557 2669 672 2756; x_wconf 85' lang='grc' dir='ltr'><strong><em>ταότην</em></strong></span> <span class='ocrx_word' id='word_1_208' title='bbox 688 2673 739 2736; x_wconf 80' lang='grc' dir='ltr'><strong><em>καὶ</em></strong></span> <span class='ocrx_word' id='word_1_209' title='bbox 757 2677 925 2759; x_wconf 78' lang='grc' dir='ltr'><strong><em>περικαλλῆ</em></strong></span> <span class='ocrx_word' id='word_1_210' title='bbox 941 2671 1086 2756; x_wconf 85' lang='grc' dir='ltr'><strong><em>ἀνέστησε</em></strong></span> <span class='ocrx_word' id='word_1_211' title='bbox 1102 2667 1207 2749; x_wconf 90' lang='grc' dir='ltr'><strong><em>πόλιν,</em></strong></span> <span class='ocrx_word' id='word_1_212' title='bbox 1224 2669 1282 2753; x_wconf 79' lang='grc' dir='ltr'><strong><em>τὴν</em></strong></span> 
     </span>
    </p>
   </div>
   <div class='ocr_carea' id='block_1_3' title="bbox 233 2841 1280 3060">
    <p class='ocr_par' dir='ltr' id='par_1_7' title="bbox 233 2841 1280 3060">
     <span class='ocr_line' id='line_1_24' title="bbox 234 2841 1280 2938; baseline 0.001 -36"><span class='ocrx_word' id='word_1_213' title='bbox 234 2847 269 2902; x_wconf 83' lang='grc'><strong>15</strong></span> <span class='ocrx_word' id='word_1_214' title='bbox 290 2842 342 2900; x_wconf 82' lang='grc' dir='ltr'><strong><em>καλ</em></strong></span> <span class='ocrx_word' id='word_1_215' title='bbox 359 2842 590 2931; x_wconf 67' lang='grc' dir='ltr'><strong><em>παραγενέσθαι]</em></strong></span> <span class='ocrx_word' id='word_1_216' title='bbox 608 2841 733 2912; x_wconf 77' lang='grc' dir='ltr'><strong><em>ἀκούσας</em></strong></span> <span class='ocrx_word' id='word_1_217' title='bbox 748 2849 833 2904; x_wconf 90' lang='grc' dir='ltr'><strong><em>τοῦτο</em></strong></span> <span class='ocrx_word' id='word_1_218' title='bbox 851 2845 867 2904; x_wconf 83' lang='grc' dir='ltr'><strong><em>ἀ</em></strong></span> <span class='ocrx_word' id='word_1_219' title='bbox 886 2850 1016 2938; x_wconf 49' lang='lat' dir='ltr'><strong>laurices:</strong></span> <span class='ocrx_word' id='word_1_220' title='bbox 1029 2842 1197 2934; x_wconf 79' lang='grc' dir='ltr'><strong><em>παρεγίνετο</em></strong></span> <span class='ocrx_word' id='word_1_221' title='bbox 1215 2847 1280 2903; x_wconf 84' lang='lat' dir='ltr'><strong>vat.</strong></span> 
     </span>
     <span class='ocr_line' id='line_1_25' title="bbox 233 2912 1280 2988; baseline -0.003 -15"><span class='ocrx_word' id='word_1_222' title='bbox 233 2916 269 2973; x_wconf 89' lang='grc'><strong>17</strong></span> <span class='ocrx_word' id='word_1_223' title='bbox 294 2917 452 2986; x_wconf 78' lang='grc' dir='ltr'><strong><em>Παρηλθον</em></strong></span> <span class='ocrx_word' id='word_1_224' title='bbox 471 2912 519 2988; x_wconf 74' lang='grc' dir='ltr'><strong>δὲ]</strong></span> <span class='ocrx_word' id='word_1_225' title='bbox 540 2914 611 2988; x_wconf 73' lang='lat' dir='ltr'><strong>perci</strong></span> <span class='ocrx_word' id='word_1_226' title='bbox 636 2915 669 2973; x_wconf 72' lang='lat' dir='ltr'><strong>et</strong></span> <span class='ocrx_word' id='word_1_227' title='bbox 692 2915 742 2974; x_wconf 86' lang='grc' dir='ltr'><strong><em>τόν</em></strong></span> <span class='ocrx_word' id='word_1_228' title='bbox 768 2916 900 2974; x_wconf 79' lang='grc' dir='ltr'><strong><em>θάνατον</em></strong></span> <span class='ocrx_word' id='word_1_229' title='bbox 925 2937 1014 2973; x_wconf 79' lang='lat' dir='ltr'><strong>ccccv</strong></span> <span class='ocrx_word' id='word_1_230' title='bbox 1038 2919 1189 2986; x_wconf 83' lang='grc' dir='ltr'><strong><em>παρηλθον</em></strong></span> <span class='ocrx_word' id='word_1_231' title='bbox 1214 2919 1280 2970; x_wconf 80' lang='lat' dir='ltr'><strong>Vct.</strong></span> 
     </span>
     <span class='ocr_line' id='line_1_26' title="bbox 233 2980 1233 3060; baseline -0.001 -17"><span class='ocrx_word' id='word_1_232' title='bbox 233 2987 269 3043; x_wconf 77' lang='lat'><strong>18</strong></span> <span class='ocrx_word' id='word_1_233' title='bbox 286 2980 320 3041; x_wconf 84' lang='grc' dir='ltr'><strong><em>ίν</em></strong></span> <span class='ocrx_word' id='word_1_234' title='bbox 336 3019 372 3030; x_wconf 91' lang='lat'>-</span> <span class='ocrx_word' id='word_1_235' title='bbox 388 2982 521 3058; x_wconf 83' lang='grc' dir='ltr'><strong><em>ἀνέστησε</em></strong></span> <span class='ocrx_word' id='word_1_236' title='bbox 537 2987 631 3060; x_wconf 87' lang='grc' dir='ltr'><strong><em>πόλιν]</em></strong></span> <span class='ocrx_word' id='word_1_237' title='bbox 649 2991 716 3044; x_wconf 85' lang='lat' dir='ltr'><strong>haec</strong></span> <span class='ocrx_word' id='word_1_238' title='bbox 733 2993 792 3046; x_wconf 79' lang='lat' dir='ltr'><strong>sere</strong></span> <span class='ocrx_word' id='word_1_239' title='bbox 808 2991 962 3060; x_wconf 82' lang='lat' dir='ltr'><strong>Hesychius</strong></span> <span class='ocrx_word' id='word_1_240' title='bbox 979 2991 1013 3046; x_wconf 91' lang='lat' dir='ltr'><strong>ab</strong></span> <span class='ocrx_word' id='word_1_241' title='bbox 1030 2989 1124 3058; x_wconf 86' lang='lat' dir='ltr'><strong>initio,</strong></span> <span class='ocrx_word' id='word_1_242' title='bbox 1141 3005 1169 3058; x_wconf 90' lang='lat' dir='ltr'><strong>p.</strong></span> <span class='ocrx_word' id='word_1_243' title='bbox 1187 2985 1233 3042; x_wconf 80' lang='lat'><strong>43.</strong></span> 
     </span>
    </p>
   </div>
   <div class='ocr_carea' id='block_1_4' title="bbox 162 3141 1282 4398">
    <p class='ocr_par' dir='ltr' id='par_1_8' title="bbox 162 3141 1282 4118">
     <span class='ocr_line' id='line_1_27' title="bbox 164 3141 1282 3215; baseline -0.002 -19"><span class='ocrx_word' id='word_1_244' title='bbox 164 3141 260 3196; x_wconf 82' lang='lat' dir='ltr'><strong>balnea</strong></span> <span class='ocrx_word' id='word_1_245' title='bbox 278 3141 410 3209; x_wconf 75' lang='lat' dir='ltr'>condidit,</span> <span class='ocrx_word' id='word_1_246' title='bbox 428 3157 508 3195; x_wconf 91' lang='lat' dir='ltr'><strong>unum</strong></span> <span class='ocrx_word' id='word_1_247' title='bbox 524 3141 552 3194; x_wconf 90' lang='lat' dir='ltr'><strong>iu</strong></span> <span class='ocrx_word' id='word_1_248' title='bbox 569 3145 636 3198; x_wconf 88' lang='lat' dir='ltr'><strong>urbe</strong></span> <span class='ocrx_word' id='word_1_249' title='bbox 652 3145 767 3198; x_wconf 83' lang='lat' dir='ltr'><strong>ricinum</strong></span> <span class='ocrx_word' id='word_1_250' title='bbox 784 3144 901 3215; x_wconf 87' lang='lat' dir='ltr'><strong>palatio,</strong></span> <span class='ocrx_word' id='word_1_251' title='bbox 917 3143 990 3212; x_wconf 90' lang='lat' dir='ltr'><strong>quod</strong></span> <span class='ocrx_word' id='word_1_252' title='bbox 1007 3142 1161 3212; x_wconf 85' lang='lat' dir='ltr'><strong>Zeuxippus</strong></span> <span class='ocrx_word' id='word_1_253' title='bbox 1178 3157 1282 3194; x_wconf 86' lang='lat' dir='ltr'><strong>nuncu·</strong></span> 
     </span>
     <span class='ocr_line' id='line_1_28' title="bbox 163 3211 1280 3283; baseline 0.002 -21"><span class='ocrx_word' id='word_1_254' title='bbox 163 3217 255 3279; x_wconf 87' lang='lat' dir='ltr'><strong>patur,</strong></span> <span class='ocrx_word' id='word_1_255' title='bbox 272 3211 383 3264; x_wconf 86' lang='lat' dir='ltr'><strong>alterum</strong></span> <span class='ocrx_word' id='word_1_256' title='bbox 400 3229 466 3264; x_wconf 81' lang='lat' dir='ltr'><strong>vero</strong></span> <span class='ocrx_word' id='word_1_257' title='bbox 486 3219 563 3266; x_wconf 84' lang='lat' dir='ltr'><strong>extra</strong></span> <span class='ocrx_word' id='word_1_258' title='bbox 581 3216 682 3281; x_wconf 84' lang='lat' dir='ltr'><strong>urbem,</strong></span> <span class='ocrx_word' id='word_1_259' title='bbox 702 3216 772 3283; x_wconf 91' lang='lat' dir='ltr'><strong>quod</strong></span> <span class='ocrx_word' id='word_1_260' title='bbox 789 3233 859 3268; x_wconf 89' lang='lat' dir='ltr'><strong>nunc</strong></span> <span class='ocrx_word' id='word_1_261' title='bbox 877 3213 998 3268; x_wconf 86' lang='lat' dir='ltr'><strong>Caminia</strong></span> <span class='ocrx_word' id='word_1_262' title='bbox 1015 3221 1141 3278; x_wconf 82' lang='lat' dir='ltr'><strong>vocatur,</strong></span> <span class='ocrx_word' id='word_1_263' title='bbox 1159 3212 1280 3266; x_wconf 80' lang='lat' dir='ltr'><strong>balneum</strong></span> 
     </span>
     <span class='ocr_line' id='line_1_29' title="bbox 163 3279 1281 3356; baseline 0.001 -23"><span class='ocrx_word' id='word_1_264' title='bbox 163 3296 286 3348; x_wconf 87' lang='lat' dir='ltr'><strong>magnum</strong></span> <span class='ocrx_word' id='word_1_265' title='bbox 312 3287 340 3332; x_wconf 90' lang='lat' dir='ltr'><strong>et</strong></span> <span class='ocrx_word' id='word_1_266' title='bbox 360 3279 495 3348; x_wconf 86' lang='lat' dir='ltr'><strong>mirabile,</strong></span> <span class='ocrx_word' id='word_1_267' title='bbox 524 3283 590 3336; x_wconf 87' lang='lat' dir='ltr'><strong>adeo</strong></span> <span class='ocrx_word' id='word_1_268' title='bbox 615 3291 645 3338; x_wconf 92' lang='lat' dir='ltr'><strong>ut</strong></span> <span class='ocrx_word' id='word_1_269' title='bbox 667 3292 779 3356; x_wconf 86' lang='lat' dir='ltr'><strong>propter</strong></span> <span class='ocrx_word' id='word_1_270' title='bbox 803 3293 907 3339; x_wconf 80' lang='lat' dir='ltr'><strong>vastam</strong></span> <span class='ocrx_word' id='word_1_271' title='bbox 930 3283 987 3336; x_wconf 81' lang='lat' dir='ltr'><strong>eiua</strong></span> <span class='ocrx_word' id='word_1_272' title='bbox 1005 3281 1211 3352; x_wconf 74' lang='lat' dir='ltr'><strong>magnitudinem</strong></span> <span class='ocrx_word' id='word_1_273' title='bbox 1228 3281 1281 3334; x_wconf 87' lang='lat' dir='ltr'><strong>duc</strong></span> 
     </span>
     <span class='ocr_line' id='line_1_30' title="bbox 163 3349 1281 3418; baseline 0.004 -18"><span class='ocrx_word' id='word_1_274' title='bbox 163 3349 237 3401; x_wconf 87' lang='lat' dir='ltr'><strong>milia</strong></span> <span class='ocrx_word' id='word_1_275' title='bbox 254 3349 384 3402; x_wconf 88' lang='lat' dir='ltr'><strong>hominum</strong></span> <span class='ocrx_word' id='word_1_276' title='bbox 400 3350 519 3418; x_wconf 86' lang='lat' dir='ltr'>quotidie</span> <span class='ocrx_word' id='word_1_277' title='bbox 536 3351 564 3404; x_wconf 88' lang='lat' dir='ltr'><strong>iu</strong></span> <span class='ocrx_word' id='word_1_278' title='bbox 582 3370 612 3406; x_wconf 91' lang='lat' dir='ltr'><strong>eo</strong></span> <span class='ocrx_word' id='word_1_279' title='bbox 629 3354 792 3407; x_wconf 72' lang='lat' dir='ltr'><strong>lavarentur.</strong></span> <span class='ocrx_word' id='word_1_280' title='bbox 818 3354 1029 3408; x_wconf 80' lang='lat' dir='ltr'><strong>succendebatur</strong></span> <span class='ocrx_word' id='word_1_281' title='bbox 1045 3360 1133 3406; x_wconf 88' lang='lat' dir='ltr'><strong>eutem</strong></span> <span class='ocrx_word' id='word_1_282' title='bbox 1152 3352 1202 3404; x_wconf 89' lang='lat' dir='ltr'><strong>huc</strong></span> <span class='ocrx_word' id='word_1_283' title='bbox 1222 3351 1281 3404; x_wconf 83' lang='lat' dir='ltr'><strong>bat-</strong></span> 
     </span>
     <span class='ocr_line' id='line_1_31' title="bbox 163 3419 1280 3494; baseline 0.002 -24"><span class='ocrx_word' id='word_1_284' title='bbox 163 3435 242 3471; x_wconf 87' lang='lat' dir='ltr'><strong>ucum</strong></span> <span class='ocrx_word' id='word_1_285' title='bbox 259 3419 322 3490; x_wconf 88' lang='lat' dir='ltr'><strong>igne</strong></span> <span class='ocrx_word' id='word_1_286' title='bbox 338 3419 451 3474; x_wconf 83' lang='lat' dir='ltr'><strong>Medico.</strong></span> <span class='ocrx_word' id='word_1_287' title='bbox 486 3429 620 3476; x_wconf 82' lang='lat' dir='ltr'><strong>caeterum</strong></span> <span class='ocrx_word' id='word_1_288' title='bbox 637 3423 850 3494; x_wconf 64' lang='lat' dir='ltr'><strong>Hippodamus,</strong></span> <span class='ocrx_word' id='word_1_289' title='bbox 868 3423 914 3492; x_wconf 91' lang='lat' dir='ltr'><strong>qui</strong></span> <span class='ocrx_word' id='word_1_290' title='bbox 932 3440 1016 3492; x_wconf 87' lang='lat' dir='ltr'><strong>usque</strong></span> <span class='ocrx_word' id='word_1_291' title='bbox 1031 3423 1083 3476; x_wconf 85' lang='lat' dir='ltr'><strong>huc</strong></span> <span class='ocrx_word' id='word_1_292' title='bbox 1097 3421 1204 3492; x_wconf 78' lang='lat' dir='ltr'><strong>integer</strong></span> <span class='ocrx_word' id='word_1_293' title='bbox 1218 3437 1280 3490; x_wconf 82' lang='lat' dir='ltr'><strong>per-</strong></span> 
     </span>
     <span class='ocr_line' id='line_1_32' title="bbox 163 3487 1282 3563; baseline 0.004 -23"><span class='ocrx_word' id='word_1_294' title='bbox 163 3487 278 3554; x_wconf 79' lang='lat' dir='ltr'><strong>mensit,</strong></span> <span class='ocrx_word' id='word_1_295' title='bbox 302 3491 336 3542; x_wconf 88' lang='lat' dir='ltr'><strong>ab</strong></span> <span class='ocrx_word' id='word_1_296' title='bbox 354 3490 445 3542; x_wconf 85' lang='lat' dir='ltr'><strong>ecdem</strong></span> <span class='ocrx_word' id='word_1_297' title='bbox 462 3489 565 3544; x_wconf 82' lang='lat' dir='ltr'><strong>Severo</strong></span> <span class='ocrx_word' id='word_1_298' title='bbox 584 3499 735 3546; x_wconf 84' lang='lat' dir='ltr'><strong>exstructus</strong></span> <span class='ocrx_word' id='word_1_299' title='bbox 753 3494 821 3562; x_wconf 86' lang='lat' dir='ltr'><strong>fuit,</strong></span> <span class='ocrx_word' id='word_1_300' title='bbox 850 3511 908 3546; x_wconf 88' lang='lat' dir='ltr'><strong>cum</strong></span> <span class='ocrx_word' id='word_1_301' title='bbox 925 3493 998 3563; x_wconf 81' lang='lat' dir='ltr'><strong>priua</strong></span> <span class='ocrx_word' id='word_1_302' title='bbox 1015 3492 1043 3546; x_wconf 88' lang='lat' dir='ltr'><strong>iu</strong></span> <span class='ocrx_word' id='word_1_303' title='bbox 1063 3510 1095 3546; x_wconf 89' lang='lat' dir='ltr'><strong>eo</strong></span> <span class='ocrx_word' id='word_1_304' title='bbox 1113 3492 1171 3544; x_wconf 89' lang='lat' dir='ltr'><strong>luco</strong></span> <span class='ocrx_word' id='word_1_305' title='bbox 1189 3496 1282 3544; x_wconf 84' lang='lat' dir='ltr'><strong>essent</strong></span> 
     </span>
     <span class='ocr_line' id='line_1_33' title="bbox 162 3557 1280 3632; baseline 0.004 -22"><span class='ocrx_word' id='word_1_306' title='bbox 162 3557 237 3610; x_wconf 85' lang='lat' dir='ltr'><strong>herti</strong></span> <span class='ocrx_word' id='word_1_307' title='bbox 255 3557 364 3612; x_wconf 86' lang='lat' dir='ltr'><strong>duorum</strong></span> <span class='ocrx_word' id='word_1_308' title='bbox 381 3561 495 3612; x_wconf 84' lang='lat' dir='ltr'><strong>fratrum</strong></span> <span class='ocrx_word' id='word_1_309' title='bbox 511 3569 540 3613; x_wconf 89' lang='lat' dir='ltr'><strong>et</strong></span> <span class='ocrx_word' id='word_1_310' title='bbox 553 3561 688 3616; x_wconf 82' lang='lat' dir='ltr'><strong>cuiusdam</strong></span> <span class='ocrx_word' id='word_1_311' title='bbox 704 3563 810 3617; x_wconf 83' lang='lat' dir='ltr'><strong>viduae.</strong></span> <span class='ocrx_word' id='word_1_312' title='bbox 836 3569 895 3616; x_wconf 88' lang='lat' dir='ltr'><strong>erat</strong></span> <span class='ocrx_word' id='word_1_313' title='bbox 912 3562 1012 3632; x_wconf 87' lang='lat' dir='ltr'><strong>quippe</strong></span> <span class='ocrx_word' id='word_1_314' title='bbox 1029 3562 1063 3616; x_wconf 87' lang='lat' dir='ltr'><strong>ad</strong></span> <span class='ocrx_word' id='word_1_315' title='bbox 1080 3579 1183 3614; x_wconf 86' lang='lat' dir='ltr'><strong>aereum</strong></span> <span class='ocrx_word' id='word_1_316' title='bbox 1194 3577 1280 3629; x_wconf 88' lang='lat' dir='ltr'><strong>usque</strong></span> 
     </span>
     <span class='ocr_line' id='line_1_34' title="bbox 163 3627 1280 3754; baseline 0 -72"><span class='ocrx_word' id='word_1_317' title='bbox 163 3627 310 3682; x_wconf 85' lang='lat' dir='ltr'><strong>columnam</strong></span> <span class='ocrx_word' id='word_1_318' title='bbox 335 3629 506 3700; x_wconf 86' lang='lat' dir='ltr'><strong>Tetrepleuri</strong></span> <span class='ocrx_word' id='word_1_319' title='bbox 523 3630 620 3754; x_wconf 80' lang='lat' dir='ltr'><strong>plenus</strong></span> <span class='ocrx_word' id='word_1_320' title='bbox 644 3633 732 3686; x_wconf 77' lang='lat' dir='ltr'><strong>locus:</strong></span> <span class='ocrx_word' id='word_1_321' title='bbox 761 3633 823 3686; x_wconf 91' lang='lat' dir='ltr'><strong>inde</strong></span> <span class='ocrx_word' id='word_1_322' title='bbox 847 3649 912 3686; x_wconf 84' lang='lat' dir='ltr'><strong>vero</strong></span> <span class='ocrx_word' id='word_1_323' title='bbox 937 3649 1021 3702; x_wconf 87' lang='lat' dir='ltr'><strong>usque</strong></span> <span class='ocrx_word' id='word_1_324' title='bbox 1042 3631 1076 3686; x_wconf 84' lang='lat' dir='ltr'><strong>ad</strong></span> <span class='ocrx_word' id='word_1_325' title='bbox 1100 3629 1280 3701; x_wconf 84' lang='lat' dir='ltr'><strong>Sphendoneu</strong></span> 
     </span>
     <span class='ocr_line' id='line_1_35' title="bbox 164 3699 1281 3772; baseline 0.002 -22"><span class='ocrx_word' id='word_1_326' title='bbox 164 3711 275 3766; x_wconf 84' lang='lat' dir='ltr'><strong>magnae</strong></span> <span class='ocrx_word' id='word_1_327' title='bbox 293 3699 428 3752; x_wconf 82' lang='lat' dir='ltr'><strong>columnus</strong></span> <span class='ocrx_word' id='word_1_328' title='bbox 446 3706 474 3752; x_wconf 88' lang='lat' dir='ltr'><strong>et</strong></span> <span class='ocrx_word' id='word_1_329' title='bbox 492 3717 523 3752; x_wconf 88' lang='lat' dir='ltr'><strong>su</strong></span> <span class='ocrx_word' id='word_1_330' title='bbox 542 3701 702 3755; x_wconf 82' lang='lat' dir='ltr'><strong>structiones</strong></span> <span class='ocrx_word' id='word_1_331' title='bbox 720 3720 843 3770; x_wconf 82' lang='lat' dir='ltr'><strong>erexere,</strong></span> <span class='ocrx_word' id='word_1_332' title='bbox 875 3719 908 3755; x_wconf 90' lang='lat' dir='ltr'><strong>ec</strong></span> <span class='ocrx_word' id='word_1_333' title='bbox 926 3703 997 3772; x_wconf 83' lang='lat' dir='ltr'><strong>quod</strong></span> <span class='ocrx_word' id='word_1_334' title='bbox 1019 3703 1093 3757; x_wconf 88' lang='lat' dir='ltr'><strong>locus</strong></span> <span class='ocrx_word' id='word_1_335' title='bbox 1110 3707 1183 3754; x_wconf 85' lang='lat' dir='ltr'><strong>esset</strong></span> <span class='ocrx_word' id='word_1_336' title='bbox 1200 3699 1281 3754; x_wconf 85' lang='lat' dir='ltr'><strong>valde</strong></span> 
     </span>
     <span class='ocr_line' id='line_1_36' title="bbox 163 3769 1279 3842; baseline 0.003 -24"><span class='ocrx_word' id='word_1_337' title='bbox 163 3773 335 3839; x_wconf 84' lang='lat' dir='ltr'><strong>praeruptus,</strong></span> <span class='ocrx_word' id='word_1_338' title='bbox 355 3783 432 3838; x_wconf 86' lang='lat' dir='ltr'><strong>quam</strong></span> <span class='ocrx_word' id='word_1_339' title='bbox 449 3769 528 3822; x_wconf 84' lang='lat' dir='ltr'><strong>etiam</strong></span> <span class='ocrx_word' id='word_1_340' title='bbox 545 3772 578 3824; x_wconf 89' lang='lat' dir='ltr'><strong>ob</strong></span> <span class='ocrx_word' id='word_1_341' title='bbox 589 3789 695 3824; x_wconf 85' lang='lat' dir='ltr'><strong>causam</strong></span> <span class='ocrx_word' id='word_1_342' title='bbox 712 3773 845 3826; x_wconf 82' lang='lat' dir='ltr'><strong>cisternae</strong></span> <span class='ocrx_word' id='word_1_343' title='bbox 862 3789 939 3842; x_wconf 86' lang='lat' dir='ltr'><strong>quam</strong></span> <span class='ocrx_word' id='word_1_344' title='bbox 949 3771 1074 3842; x_wconf 83' lang='lat' dir='ltr'><strong>frigidam</strong></span> <span class='ocrx_word' id='word_1_345' title='bbox 1089 3769 1279 3824; x_wconf 84' lang='lat' dir='ltr'><strong>vocentdesti·</strong></span> 
     </span>
     <span class='ocr_line' id='line_1_37' title="bbox 162 3839 1280 3913; baseline 0.003 -24"><span class='ocrx_word' id='word_1_346' title='bbox 162 3843 305 3891; x_wconf 85' lang='lat' dir='ltr'><strong>natusest.</strong></span> <span class='ocrx_word' id='word_1_347' title='bbox 339 3853 417 3891; x_wconf 87' lang='lat' dir='ltr'><strong>unarn</strong></span> <span class='ocrx_word' id='word_1_348' title='bbox 435 3839 540 3910; x_wconf 85' lang='lat' dir='ltr'><strong>quidem</strong></span> <span class='ocrx_word' id='word_1_349' title='bbox 557 3842 684 3908; x_wconf 82' lang='lat' dir='ltr'><strong>graduum</strong></span> <span class='ocrx_word' id='word_1_350' title='bbox 703 3849 804 3913; x_wconf 83' lang='lat' dir='ltr'><strong>partem</strong></span> <span class='ocrx_word' id='word_1_351' title='bbox 820 3841 878 3911; x_wconf 84' lang='lat' dir='ltr'><strong>ipse</strong></span> <span class='ocrx_word' id='word_1_352' title='bbox 890 3843 1008 3896; x_wconf 83' lang='lat' dir='ltr'><strong>Severus</strong></span> <span class='ocrx_word' id='word_1_353' title='bbox 1025 3841 1150 3908; x_wconf 81' lang='lat' dir='ltr'><strong>absolvit,</strong></span> <span class='ocrx_word' id='word_1_354' title='bbox 1170 3840 1280 3893; x_wconf 68' lang='lat' dir='ltr'><strong>altarum</strong></span> 
     </span>
     <span class='ocr_line' id='line_1_38' title="bbox 162 3907 1279 3982; baseline 0.002 -24"><span class='ocrx_word' id='word_1_355' title='bbox 162 3913 251 3960; x_wconf 83' lang='lat' dir='ltr'><strong>autem</strong></span> <span class='ocrx_word' id='word_1_356' title='bbox 267 3907 445 3976; x_wconf 80' lang='lat' dir='ltr'><strong>imperfectam</strong></span> <span class='ocrx_word' id='word_1_357' title='bbox 463 3910 582 3979; x_wconf 84' lang='lat' dir='ltr'><strong>reliquit,</strong></span> <span class='ocrx_word' id='word_1_358' title='bbox 601 3911 664 3980; x_wconf 87' lang='lat' dir='ltr'><strong>quia</strong></span> <span class='ocrx_word' id='word_1_359' title='bbox 679 3911 732 3982; x_wconf 85' lang='lat' dir='ltr'><strong>ipsi</strong></span> <span class='ocrx_word' id='word_1_360' title='bbox 751 3911 922 3966; x_wconf 84' lang='lat' dir='ltr'><strong>nuntiabatur</strong></span> <span class='ocrx_word' id='word_1_361' title='bbox 931 3912 1023 3966; x_wconf 85' lang='lat' dir='ltr'><strong>Gallos</strong></span> <span class='ocrx_word' id='word_1_362' title='bbox 1031 3911 1142 3964; x_wconf 84' lang='lat' dir='ltr'><strong>Romam</strong></span> <span class='ocrx_word' id='word_1_363' title='bbox 1158 3911 1279 3980; x_wconf 85' lang='lat' dir='ltr'><strong>depopu-</strong></span> 
     </span>
     <span class='ocr_line' id='line_1_39' title="bbox 163 3975 1280 4049; baseline 0.005 -21"><span class='ocrx_word' id='word_1_364' title='bbox 163 3975 229 4043; x_wconf 69' lang='grc' dir='ltr'><strong><em>λακὶς</em></strong></span> <span class='ocrx_word' id='word_1_365' title='bbox 248 3995 330 4047; x_wconf 88' lang='lat' dir='ltr'><strong>quare</strong></span> <span class='ocrx_word' id='word_1_366' title='bbox 347 3977 438 4032; x_wconf 86' lang='lat' dir='ltr'><strong>statim</strong></span> <span class='ocrx_word' id='word_1_367' title='bbox 455 3979 500 4032; x_wconf 86' lang='lat' dir='ltr'><strong>iilo</strong></span> <span class='ocrx_word' id='word_1_368' title='bbox 518 3997 547 4032; x_wconf 88' lang='lat' dir='ltr'><strong>se</strong></span> <span class='ocrx_word' id='word_1_369' title='bbox 565 3981 694 4049; x_wconf 86' lang='lat' dir='ltr'><strong>contulit,</strong></span> <span class='ocrx_word' id='word_1_370' title='bbox 710 3983 758 4036; x_wconf 89' lang='lat' dir='ltr'><strong>ubi</strong></span> <span class='ocrx_word' id='word_1_371' title='bbox 774 3982 857 4036; x_wconf 86' lang='lat' dir='ltr'><strong>etiam</strong></span> <span class='ocrx_word' id='word_1_372' title='bbox 874 3982 965 4036; x_wconf 87' lang='lat' dir='ltr'><strong>murbu</strong></span> <span class='ocrx_word' id='word_1_373' title='bbox 983 3981 1109 4036; x_wconf 86' lang='lat' dir='ltr'><strong>comitiali</strong></span> <span class='ocrx_word' id='word_1_374' title='bbox 1124 3981 1208 4035; x_wconf 83' lang='lat' dir='ltr'><strong>vitem</strong></span> <span class='ocrx_word' id='word_1_375' title='bbox 1218 3978 1280 4034; x_wconf 65' lang='lat' dir='ltr'><strong>fini»</strong></span> 
     </span>
     <span class='ocr_line' id='line_1_40' title="bbox 163 4046 490 4118; baseline 0.018 -21"><span class='ocrx_word' id='word_1_376' title='bbox 163 4046 220 4116; x_wconf 87' lang='lat' dir='ltr'><strong>vit,</strong></span> <span class='ocrx_word' id='word_1_377' title='bbox 238 4065 307 4102; x_wconf 85' lang='lat' dir='ltr'><strong>euno</strong></span> <span class='ocrx_word' id='word_1_378' title='bbox 324 4047 429 4118; x_wconf 86' lang='lat' dir='ltr'><strong>imperii</strong></span> <span class='ocrx_word' id='word_1_379' title='bbox 446 4047 490 4103; x_wconf 84' lang='lat'><strong>17.</strong></span> 
     </span>
    </p>

    <p class='ocr_par' dir='ltr' id='par_1_9' title="bbox 163 4115 1281 4398">
     <span class='ocr_line' id='line_1_41' title="bbox 267 4115 1281 4190; baseline -0.006 -16"><span class='ocrx_word' id='word_1_380' title='bbox 267 4119 292 4174; x_wconf 81' lang='lat' dir='ltr'>A</span> <span class='ocrx_word' id='word_1_381' title='bbox 314 4126 399 4171; x_wconf 88' lang='lat' dir='ltr'><strong>morte</strong></span> <span class='ocrx_word' id='word_1_382' title='bbox 422 4135 488 4172; x_wconf 76' lang='lat' dir='ltr'><strong>vera</strong></span> <span class='ocrx_word' id='word_1_383' title='bbox 511 4118 596 4190; x_wconf 80' lang='lat' dir='ltr'><strong>ipsius</strong></span> <span class='ocrx_word' id='word_1_384' title='bbox 620 4135 704 4189; x_wconf 84' lang='lat' dir='ltr'><strong>usque</strong></span> <span class='ocrx_word' id='word_1_385' title='bbox 722 4119 754 4172; x_wconf 87' lang='lat' dir='ltr'><strong>ad</strong></span> <span class='ocrx_word' id='word_1_386' title='bbox 771 4119 908 4190; x_wconf 87' lang='lat' dir='ltr'><strong>imperium</strong></span> <span class='ocrx_word' id='word_1_387' title='bbox 927 4119 1095 4172; x_wconf 74' lang='lat' dir='ltr'><strong>Constantini</strong></span> <span class='ocrx_word' id='word_1_388' title='bbox 1111 4117 1199 4186; x_wconf 89' lang='lat' dir='ltr'><strong>magni</strong></span> <span class='ocrx_word' id='word_1_389' title='bbox 1216 4115 1281 4168; x_wconf 86' lang='lat' dir='ltr'><strong>anni</strong></span> 
     </span>
     <span class='ocr_line' id='line_1_42' title="bbox 163 4183 1279 4258; baseline -0.001 -18"><span class='ocrx_word' id='word_1_390' title='bbox 163 4183 198 4240; x_wconf 88' lang='lat'><strong>60</strong></span> <span class='ocrx_word' id='word_1_391' title='bbox 215 4193 244 4238; x_wconf 87' lang='lat' dir='ltr'><strong>et</strong></span> <span class='ocrx_word' id='word_1_392' title='bbox 260 4189 331 4242; x_wconf 88' lang='lat' dir='ltr'><strong>ultra</strong></span> <span class='ocrx_word' id='word_1_393' title='bbox 348 4188 430 4258; x_wconf 85' lang='lat' dir='ltr'><strong>elapsi</strong></span> <span class='ocrx_word' id='word_1_394' title='bbox 447 4193 517 4241; x_wconf 85' lang='lat' dir='ltr'><strong>sunt.</strong></span> <span class='ocrx_word' id='word_1_395' title='bbox 552 4195 685 4242; x_wconf 86' lang='lat' dir='ltr'><strong>caeterum</strong></span> <span class='ocrx_word' id='word_1_396' title='bbox 701 4187 754 4246; x_wconf 74' lang='lat'><strong>362</strong></span> <span class='ocrx_word' id='word_1_397' title='bbox 772 4206 839 4242; x_wconf 87' lang='lat' dir='ltr'><strong>anno</strong></span> <span class='ocrx_word' id='word_1_398' title='bbox 857 4195 918 4257; x_wconf 86' lang='lat' dir='ltr'><strong>post</strong></span> <span class='ocrx_word' id='word_1_399' title='bbox 935 4188 1048 4256; x_wconf 81' lang='lat' dir='ltr'><strong>Augusti</strong></span> <span class='ocrx_word' id='word_1_400' title='bbox 1063 4187 1185 4240; x_wconf 83' lang='lat' dir='ltr'><strong>Caesaris</strong></span> <span class='ocrx_word' id='word_1_401' title='bbox 1202 4185 1279 4256; x_wconf 61' lang='lat' dir='ltr'><strong>prin»</strong></span> 
     </span>
     <span class='ocr_line' id='line_1_43' title="bbox 164 4253 1279 4327; baseline 0.004 -23"><span class='ocrx_word' id='word_1_402' title='bbox 164 4253 295 4326; x_wconf 84' lang='lat' dir='ltr'><strong>cipetum,</strong></span> <span class='ocrx_word' id='word_1_403' title='bbox 325 4275 384 4311; x_wconf 90' lang='lat' dir='ltr'><strong>cum</strong></span> <span class='ocrx_word' id='word_1_404' title='bbox 399 4257 484 4310; x_wconf 85' lang='lat' dir='ltr'><strong>Romu</strong></span> <span class='ocrx_word' id='word_1_405' title='bbox 502 4263 582 4310; x_wconf 84' lang='lat' dir='ltr'><strong>vetus</strong></span> <span class='ocrx_word' id='word_1_406' title='bbox 600 4258 710 4327; x_wconf 87' lang='lat' dir='ltr'><strong>eiusque</strong></span> <span class='ocrx_word' id='word_1_407' title='bbox 726 4275 770 4311; x_wconf 87' lang='lat' dir='ltr'><strong>res</strong></span> <span class='ocrx_word' id='word_1_408' title='bbox 790 4258 841 4310; x_wconf 87' lang='lat' dir='ltr'><strong>iam</strong></span> <span class='ocrx_word' id='word_1_409' title='bbox 860 4257 990 4310; x_wconf 86' lang='lat' dir='ltr'><strong>declinare</strong></span> <span class='ocrx_word' id='word_1_410' title='bbox 1008 4255 1174 4325; x_wconf 81' lang='lat' dir='ltr'><strong>caepissent,</strong></span> <span class='ocrx_word' id='word_1_411' title='bbox 1206 4256 1279 4308; x_wconf 84' lang='lat' dir='ltr'><strong>Con·</strong></span> 
     </span>
     <span class='ocr_line' id='line_1_44' title="bbox 164 4324 1279 4398; baseline 0.002 -22"><span class='ocrx_word' id='word_1_412' title='bbox 164 4325 296 4384; x_wconf 83' lang='lat' dir='ltr'><strong>atautiuus</strong></span> <span class='ocrx_word' id='word_1_413' title='bbox 313 4327 463 4382; x_wconf 82' lang='lat' dir='ltr'><strong>Constantii</strong></span> <span class='ocrx_word' id='word_1_414' title='bbox 486 4327 557 4380; x_wconf 85' lang='lat' dir='ltr'><strong>filius</strong></span> <span class='ocrx_word' id='word_1_415' title='bbox 582 4326 694 4398; x_wconf 88' lang='lat' dir='ltr'><strong>imperio</strong></span> <span class='ocrx_word' id='word_1_416' title='bbox 717 4327 817 4398; x_wconf 82' lang='lat' dir='ltr'><strong>potitus</strong></span> <span class='ocrx_word' id='word_1_417' title='bbox 840 4343 935 4380; x_wconf 86' lang='lat' dir='ltr'><strong>noram</strong></span> <span class='ocrx_word' id='word_1_418' title='bbox 954 4326 1021 4380; x_wconf 87' lang='lat' dir='ltr'><strong>hauc</strong></span> <span class='ocrx_word' id='word_1_419' title='bbox 1043 4331 1073 4378; x_wconf 89' lang='lat' dir='ltr'><strong>et</strong></span> <span class='ocrx_word' id='word_1_420' title='bbox 1094 4324 1279 4396; x_wconf 83' lang='lat' dir='ltr'><strong>perpulchram</strong></span> 
     </span>
    </p>
   </div>
   <div class='ocr_carea' id='block_1_5' title="bbox 0 0 1406 4636">
    <p class='ocr_par' dir='ltr' id='par_1_10' title="bbox 0 0 1406 4636">
     <span class='ocr_line' id='line_1_45' title="bbox 0 0 1406 4636; baseline 0 0"><span class='ocrx_word' id='word_1_421' title='bbox 0 0 1406 4636; x_wconf 95' lang='lat' dir='ltr'><strong> </strong></span> 
     </span>
    </p>
   </div>
   <div class='ocr_carea' id='block_1_6' title="bbox 1208 4577 1220 4608">
    <p class='ocr_par' dir='ltr' id='par_1_11' title="bbox 1208 4577 1220 4608">
     <span class='ocr_line' id='line_1_46' title="bbox 1208 4577 1220 4608; baseline 0 0"><span class='ocrx_word' id='word_1_422' title='bbox 1208 4577 1220 4608; x_wconf 87' lang='grc' dir='ltr'><em>Ι</em></span> 
     </span>
    </p>
   </div>
  </div>
 </body>
</html>
