2802 4636
460 273 520 338 DE
544 270 772 342 AEDIFIGIIS
799 273 860 340 GP.
1163 280 1211 352 77

109 461 126 528 ὁ
155 463 189 528 δὲ
208 453 434 538 ’1ουστιυιανός,
459 456 476 524 ὅ
500 467 557 546 τῆς
574 457 708 548 μεγάλης
724 463 883 548 ἓκκλησίυις
900 463 1048 554 κτίστωρ,
1074 462 1213 536 ἐκάλεσεν

110 566 207 634 αῦτόν
233 563 316 651 ἅγιον
339 561 501 630 Ἀκάκιον.

214 704 259 768 Td
287 698 473 782 κωλυόμενον
499 697 689 788 Μεσόλοφον
713 701 806 784 μέσον
830 704 892 770 ἐστὶ
916 709 977 770 τῶν
1001 703 1075 771 intui
1099 703 1214 794 λόφων,

109 807 203 893 ήγουν
227 805 247 889 ή
272 810 328 887 μία
352 815 447 890 μοῖρα
471 812 526 888 τής
550 803 667 882 πόλεως
689 804 748 888 ἔχει
765 817 845 893 τρεῖς
862 805 995 893 λόφους,
1022 813 1072 874 καὶ
1089 807 1109 892 ή
1128 809 1216 899 ἑτέρα

83 921 203 1000 5τριΐς,
223 913 274 975 καὶ
290 906 381 976 τοῦτό
400 904 479 974 ἔστιν
496 909 605 991 μέσον,
625 908 643 974 t
662 915 806 976 καλοῦσιν
823 911 851 976 οἳ
869 915 988 976 inaurat
1004 912 1217 1001 μεσόμφαλον.

206 1047 258 1110 Ἕν
282 1051 321 1133 τῇ
344 1046 487 1132 λεγομένῃ
508 1051 611 1131 χαλκῇ
635 1044 731 1130 στήλη
752 1053 855 1131 χαλκή
876 1039 914 1130 ἦν
933 1054 989 1113 τοῦ
1005 1051 1110 1136 κυρίου
1128 1048 1216 1134 ήμῶν

102 1151 206 1236 Ἰησοῦ
237 1153 394 1236 Χριστοῦ,
429 1149 514 1236 παρὰ
546 1155 602 1214 τοῦ
630 1149 764 1236 μεγάλου
797 1154 1029 1221 Κωυσταντίνου
1055 1161 1216 1221 σταθεῖσα.

106 1252 122 1319 ὃ
150 1256 185 1318 δὲ
208 1255 304 1318 Λίων
328 1250 344 1316 ὃ
368 1252 470 1337 πατὴρ
494 1259 548 1316 τοῦ
567 1255 762 1335 Καβαλλίυου
781 1254 893 1340 ταύτην
911 1255 1086 1342 κατήγαγεν.
1138 1255 1158 1342 ἡ
1183 1259 1217 1324 δὲ

104 1365 161 1422 νῦν
198 1357 250 1420 tat
282 1357 431 1443 ψηφίδων
463 1351 599 1440 ὁρωμένη
631 1357 716 1423 εἴκων
746 1365 802 1423 τοῦ
833 1365 911 1424 θεοῦ
944 1359 1094 1448 ἱστορήθη
1128 1363 1215 1450 παρὰ

65 1459 244 1548 ΙΟΕῗρήνης
275 1466 330 1542 τῆς
357 1458 547 1542 Ἀθηναίας.
597 1458 617 1542 ή
646 1461 678 1524 dd
700 1467 802 1544 χαλκῆ
826 1460 967 1546 ἐτύγχανε
989 1461 1120 1548 χρόνους
1143 1464 1216 1530 υιε’·

105 1569 141 1642 ἐξ
168 1555 205 1647 ἧς
230 1563 304 1648 γυνή
331 1563 541 1651 αἱμορροοῦσα
565 1560 642 1647 ἰάθη
660 1567 710 1628 καὶ
729 1563 815 1652 ἕτερα
833 1566 930 1630 πολλοὶ
948 1563 1098 1648 θαύματα
1115 1569 1215 1633 ἐντετε-
1231 1587 1254 1640 Β

103 1673 227 1733 λοῦντο.
296 1733 298 1737 ,

212 1803 263 1870 Th
287 1800 432 1889 λεγόμενα
452 1803 597 1890 Εῦγενίου
616 1801 696 1881 οἶκος
712 1797 750 1888 ἦν
767 1805 910 1889 Εῦγενίου
929 1809 1087 1894 πατρικίου
1106 1811 1137 1873 ἓν
1153 1819 1216 1886 τοῖς

101 1907 228 1998 χρόνοις
248 1909 414 1976 Θεοδοσίου
431 1915 486 1972 τοῦ
502 1907 655 1994 μεγάλου,
683 1908 716 1986 ὃς
733 1910 784 1972 καὶ
802 1907 956 1998 ἀνήγειρεν
975 1911 1066 1978 αὐτὸν
1085 1916 1127 1988 εἷς
1142 1911 1215 1978 ναῦν

62 2022 97 2076 15
107 2019 147 2101 τῇ
165 2009 314 2098 θευτόκῳ.

212 2153 245 2211 Τ
244 2146 263 2210 ιλ
282 2143 428 2229 λεγόμενα
450 2145 616 2231 Οῦρβικίου
635 2142 655 2228 ἢ
673 2142 818 2222 θεοτόκος
836 2147 912 2232 παρ’
933 2145 1028 2212 άλλου
1050 2149 1214 2236 Οῦρβικίου

105 2253 252 2334 ἐκτίσθη,
287 2252 447 2334 πατρικίου
473 2251 524 2312 καὶ
550 2246 761 2333 στρατηλάτου
789 2257 843 2332 τῆς
870 2251 1019 2334 ἀνατολῆς
1041 2250 1214 2337 βαρβάτου,

104 2362 162 2420 τοῦ
188 2350 405 2438 ἱστορήσαντας
430 2352 468 2416 τά
496 2351 681 2435 στρατηγικὰ
708 2353 740 2415 ἓν
767 2362 829 2429 τοῖς
851 2352 974 2439 χρόνοις
1001 2354 1213 2421 Ἀναστασίου

105 2463 161 2523 τοῦ
188 2455 330 2543 ῦικόρου,
356 2455 434 2536 μετὰ
453 2452 584 2540 χρόνους
609 2451 659 2540 ρπ’
683 2463 737 2520 τοῦ
763 2463 926 2539 κτισθῆναι
943 2458 999 2540 τήν
1017 2461 1213 2525 Κωυσταυτι-

62 2558 257 2631 κονοῦπολιν.
311 2557 326 2623 ὃ
352 2561 387 2623 da*
411 2556 492 2634 οἶκος
512 2559 606 2622 αὐτοῦ
623 2550 662 2642 ἦν
680 2562 721 2636 εἷς
738 2559 777 2624 τοὶ
794 2564 923 2645 καμίνου
931 2611 941 2642 ,
968 2565 1020 2628 καὶ
1037 2564 1139 2646 ἕτερος
1156 2565 1214 2629 αῦ-

103 2673 158 2732 τυῦ
177 2663 258 2742 οἶκος
276 2669 318 2740 εἰς
334 2663 369 2728 τὸ
389 2659 580 2749 στρατήγιον.

174 2861 192 2914 3
210 2879 236 2930 p.
254 2860 289 2914 33
305 2858 389 2911 Bend.
478 2851 655 2938 μεσόμφαλον
672 2858 704 2910 C.
794 2859 826 2911 11
845 2855 893 2910 κοιλ
911 2853 992 2924 ἔτερα
1010 2854 1042 2910 di
1061 2855 1214 2926 θαυμαστοὶ

177 2925 368 2982 ἐπιτελοῦνται
392 2920 471 2994 μέχρι
492 2943 544 2977 του
566 2927 618 2978 νῦν
636 2923 675 2988 είς
694 2921 785 2996 όνομοι
802 2927 854 2980 τοῦ
870 2928 996 2996 σωτῆρος
1012 2929 1125 2996 χριστοῦ
1143 2929 1212 2996 Reg.

175 2999 210 3054 16
226 3016 255 3068 p·
274 2995 308 3050 27
326 2995 411 3049 Band.
516 2995 552 3048 20
567 2991 691 3065 γαμὲνου
710 2997 743 3050 C.

103 3171 137 3223 Β.
165 3167 355 3219 Constantinus
379 3183 502 3236 mugnus3
524 3165 667 3235 posteriori
683 3165 748 3221 vero
766 3167 866 3238 primus
880 3184 975 3220 nomen
991 3166 1116 3236 imposuit
1131 3166 1214 3220 Iusti-

104 3239 198 3290 nienus
216 3238 245 3290 S.
265 3237 380 3305 Sophiae
395 3237 524 3290 eonditor.
726 3281 728 3286 ,

208 3306 388 3375 Mesolophum
413 3307 471 3358 sive
494 3305 663 3358 meditullium
686 3306 714 3358 in
736 3306 818 3358 medio
836 3306 914 3358 situm
931 3309 974 3358 est
990 3311 1091 3372 septem
1109 3303 1213 3356 collium

104 3376 194 3428 urbis:
221 3381 276 3427 tres
301 3377 403 3429 scilieet
427 3378 460 3428 ab
484 3382 596 3444 utraque
619 3382 695 3443 purte
719 3382 796 3442 sunt,
821 3383 849 3429 et
865 3375 936 3427 inter
952 3379 1080 3442 utrosque
1096 3373 1212 3426 Mesolo-

105 3447 200 3515 phum,
222 3444 290 3514 quod
308 3446 387 3513 vulgo
406 3446 484 3497 etiam
502 3445 707 3512 Mesomphalum
724 3446 781 3497 sive
798 3444 871 3496 urbis
888 3445 1041 3496 umbelicum
1059 3449 1166 3496 vocant.

210 3514 242 3565 In
269 3514 367 3567 Chalce
391 3521 504 3568 statuam
530 3531 634 3566 aereum
658 3513 755 3566 domini
778 3514 863 3566 nostri
884 3515 947 3566 Iesu
968 3511 1069 3564 Christi
1091 3517 1213 3564 erexerat

107 3583 301 3636 Constantinus
326 3601 448 3651 magnus:
474 3585 531 3638 Leo
550 3589 637 3637 autem
652 3590 728 3652 pater
747 3582 875 3636 Caballini
893 3583 950 3636 sive
970 3582 1140 3634 Constantini
1158 3581 1213 3634 Co·
1238 3599 1242 3618 ¹

105 3652 227 3722 pronymi
253 3670 308 3705 eam
336 3654 443 3706 evertit.
479 3671 547 3722 quae
573 3653 703 3722 hodieque
725 3653 779 3704 illie
795 3653 893 3704 visitur
909 3652 1005 3704 musivi
1022 3651 1108 3720 operis
1125 3651 1213 3722 imago

106 3721 164 3789 dei,
190 3721 277 3791 posita
302 3723 354 3775 fuit
378 3725 411 3776 ab
433 3723 510 3776 Irene
534 3721 699 3778 Atheniensi.
733 3722 816 3790 prima
840 3728 928 3773 autem
951 3721 995 3774 illa
1019 3737 1097 3774 aerea
1122 3728 1213 3773 statua

106 3807 189 3842 annos
212 3791 264 3844 415
291 3792 329 3844 ibi
353 3793 444 3859 stetit,
471 3793 546 3846 euius
564 3792 664 3845 virtute
681 3791 772 3844 mulier
789 3790 923 3859 sanguinis
939 3789 1072 3860 profluvio
1090 3791 1211 3844 laborans

105 3869 199 3913 senata
216 3861 269 3912 fuit
286 3868 314 3914 et
331 3861 411 3914 multa
429 3862 479 3916 alia
494 3865 570 3914 facta
586 3861 694 3914 fuerunt
711 3861 844 3914 miracula.

211 3929 296 3983 Locus
313 3938 477 4002 nuncupatus
495 3931 610 4000 Eugenii
626 3931 717 3983 domus
734 3939 794 3983 erat
810 3928 924 4000 Eugenii
941 3929 1061 4000 patricii,
1082 3928 1127 3997 qui
1144 3925 1213 3978 vixit

105 4004 223 4070 tempore
240 4000 386 4054 Theodosii
402 4001 504 4070 πικραῖς
522 4008 550 4053 et
567 4006 667 4052 mutata
683 4000 737 4052 fuit
754 4001 787 4052 ab
807 4017 837 4052 eo
854 4001 881 4052 in
899 4000 1021 4070 templum
1035 3999 1064 4051 S.
1077 3997 1212 4065 deiparae.

210 4069 347 4138 Templum
366 4073 396 4126 S.
413 4071 536 4140 deiparae
553 4070 763 4138 cognominatum
781 4069 886 4122 Urbicii
904 4068 1055 4122 aedificavit
1071 4065 1139 4144 alius·
1151 4061 1212 4143 ⁸qui-

105 4137 166 4188 dam
181 4137 305 4190 Urbicius
322 4139 450 4207 patricius
468 4148 497 4192 et
514 4140 638 4207 magister
658 4139 766 4192 militum
784 4138 919 4203 Orientis,
946 4137 992 4206 qui
1010 4135 1042 4185 de
1059 4149 1089 4182 re
1106 4131 1212 4184 militari

105 4204 216 4274 scripsit
240 4213 356 4276 tempore
381 4209 515 4262 Anastasii
541 4209 647 4275 Dinoni,
680 4207 731 4262 180
755 4209 829 4261 anuis
853 4217 915 4278 post
940 4203 1070 4258 conditam
1097 4200 1211 4268 Cpolim.

104 4277 228 4328 domuum
245 4293 309 4328 vero
327 4279 383 4331 eius
401 4295 454 4332 una
470 4285 528 4332 erat
546 4278 573 4330 in
591 4279 699 4347 Tauro,
717 4279 803 4332 altera
819 4279 847 4330 in
865 4273 1012 4340 strategio.
