2814 4608
157 211 232 284 254
464 206 643 276 llEURSll
668 209 726 274 ET
751 209 955 277 LAMBEGII

241 413 273 476 p.
296 389 338 456 59
360 409 391 450 ι
414 395 463 455 17
506 385 594 495 μεταλ
600 393 720 473 κηρῶν]
750 411 871 494 prprsus
900 401 934 450 ut
961 394 993 450 iu
1022 389 1172 452 Chronico
1194 397 1269 454 Ale-

157 477 325 554 xandrino,
349 471 472 540 πάντων
488 471 675 556 κατεχόντων
691 473 807 557 ιιηροΰς
823 473 960 552 λευκούς.
1002 479 1163 560 utrobique
1180 503 1240 562 ιιηρ
1242 487 1269 544 oi
1386 507 1388 550 ε

157 571 204 648 sig
187 567 328 625 ouilicant
357 583 460 624 cereos.
503 563 577 620 item
599 565 631 620 iu
656 565 740 621 Actis
764 563 795 621 S.
817 563 955 622 Silvestri
975 563 1096 624 ineditis
1118 565 1270 624 Constan-

156 657 238 714 tinus
265 669 394 730 magnus
421 657 490 728 post
509 649 695 728 publicatam
715 649 886 708 libertatem
908 651 1060 754 religionis
1082 649 1270 712 christianae

157 739 196 798 ad
219 739 365 843 palatium
387 753 475 794 suum
497 732 606 794 dicitur
627 736 784 794 revertisse
806 731 880 816 μετα
900 741 1004 818 κηροῖν
1026 735 1079 799 καλ
1098 733 1271 819 λαμπάδων

154 827 227 914 τῇδε
248 817 368 886 eristius
389 815 618 900 α’ναιιιομὲνοιν.
660 823 763 880 larun.

240 945 269 1006 p.
292 926 334 988 60
354 943 384 986 v.
407 927 435 988 1.
479 915 692 1001 ὄψιιιειὶοντις]
728 923 1045 1004 commarcarum
1073 939 1109 1028 p.
1123 918 1168 986 40
1197 943 1226 982 v.
1247 925 1268 988 7

155 1011 193 1072 (le
223 1009 330 1072 eadem
359 1026 391 1068 re
419 1007 547 1090 loquens
575 1017 663 1068 vocat
676 1007 884 1110 δορυφορεῖν,
898 1009 1000 1112 quod
1022 1001 1109 1066 hic'
1093 1003 1268 1086 οψιιιευεινι

155 1091 441 1200 δορυφορούμενον,
470 1093 610 1200 lupuit,
616 1090 713 1177 εἰσῄει
735 1091 830 1168 εἰς
799 1117 832 1157 το
852 1087 960 1175 oripo.
1001 1095 1123 1174 proprie
1146 1095 1268 1154 Graecis

154 1181 368 1243 recentioribus
406 1173 544 1258 (ι’ψιιιιοοι
581 1177 691 1238 dicitur
724 1179 809 1238 idem
841 1189 931 1262 atque
961 1181 1079 1239 Latinis
1108 1177 1268 1262 obsequor,-

153 1271 227 1330 item
250 1263 373 1346 ὀψίιιιον
394 1264 477 1325 idem
499 1277 587 1348 atque
610 1264 798 1346 obsequium,
827 1265 1023 1350 quodetiam
1045 1269 1194 1348 accipitur
1212 1288 1267 1348 pro

155 1357 298 1414 concitatu
319 1363 350 1412 et
362 1351 473 1434 scemul
472 1355 533 1412 itio.
575 1353 681 1418 henr.

238 1478 269 1538 p.
291 1459 332 1519 60
356 1475 385 1515 v.
408 1456 424 1518 1
448 1475 494 1536 sq.
539 1453 593 1530 ἕως
628 1459 684 1518 τοῦ
714 1447 864 1536 στόματος
893 1447 955 1518 circi
987 1455 1049 1516 scir
1077 1451 1266 1538 soyuiilur]

154 1545 197 1604 ita
217 1565 247 1624 p.
270 1545 312 1608 80
332 1561 361 1600 ι.
385 1542 436 1604 17.
477 1543 583 1606 Laus.

237 1665 269 1726 p·
291 1646 333 1708 60
354 1664 382 1704 v·
405 1649 434 1708 6.
478 1641 576 1724 λιμένι
595 1645 650 1706 τοῦ
671 1639 832 1722 Nsupiov]
853 1641 897 1701 sic
915 1643 1007 1702 etiam
1025 1643 1152 1724 antiqua
1166 1645 1268 1722 regio-

154 1751 230 1790 num
259 1727 419 1809 descriptio
448 1732 575 1789 Portum
603 1730 748 1788 Neorium
776 1729 919 1808 appellat.
967 1727 1022 1788 bos
1050 1749 1139 1803 vero,
1173 1747 1265 1808 quem

154 1816 287 1876 eodinus
308 1817 352 1874 ibi
372 1817 553 1876 collocatum
574 1815 667 1874 fuisse
689 1815 747 1888 ait,
770 1811 810 1872 ad
832 1814 1010 1894 exemplum
1028 1815 1148 1874 alterius
1165 1814 1263 1872 factus
1387 1815 1388 1822 ’

154 1914 235 1978 erat,
266 1903 319 1983 qui
348 1903 447 1962 stabat
466 1903 500 1962 in
519 1903 585 1962 foro
606 1911 712 1962 vocato
735 1899 848 1977 Tauri,
880 1910 916 1960 ut
935 1901 1002 1981 ipse
1023 1910 1149 1960 testatur
1167 1919 1197 1980 p.
1218 1897 1263 1962 46

154 2009 185 2052 ι.
208 1991 239 2056 6.
281 1991 387 2048 urm.

239 2111 270 2170 p·
293 2093 335 2153 60
355 2109 385 2148 v.
407 2090 463 2153 10.
508 2087 685 2166 Μαυρικλοιι
707 2079 817 2166 ostile]
843 2083 967 2148 tradunt
987 2089 1149 2169 scriptores
1169 2084 1266 2148 histo-

155 2177 218 2234 riae
240 2177 416 2254 0pclitauae
438 2175 633 2250 Mauricium,
653 2185 816 2254 postquam
836 2173 948 2232 milites
969 2192 986 2231 a
1008 2172 1144 2253 chagano
1164 2183 1267 2253 captos

154 2281 210 2340 per
230 2262 386 2320 avaritiam
407 2277 495 2318 suam
513 2257 611 2318 occidi
629 2261 822 2338 permiserat,
845 2257 977 2339 quadam
993 2271 1081 2320 nocte
1098 2262 1268 2320 somniasse

154 2365 188 2406 se
217 2345 254 2402 ab
283 2346 417 2422 imagine
445 2341 558 2403 Christi
586 2363 676 2422 supra
699 2355 819 2424 portam
842 2363 963 2404 aeream
982 2347 1087 2426 palatii
1108 2347 1269 2420 collocata,

154 2449 225 2490 cum
246 2439 309 2489 tota
330 2449 385 2490 sua
406 2430 539 2502 familia,
566 2428 685 2488 Phocae
706 2430 944 2490 interimendum
963 2429 1048 2490 tradi.
1091 2430 1180 2488 oredo
1201 2432 1268 2508 igi·
1386 2463 1387 2506 t

153 2526 218 2590 tur,
247 2515 287 2574 ad
306 2525 485 2594 perpetuam
505 2515 592 2574 istius
613 2517 724 2573 somnii
743 2519 942 2593 memoriam,
968 2517 1155 2590 Masticium,
1177 2515 1266 2594 apud
1386 2527 1387 2548 ³

153 2603 240 2659 illam
261 2603 426 2678 imaginem
447 2597 577 2674 Christi,
606 2619 694 2659 suam
718 2611 749 2660 et
771 2603 877 2661 uxoris
896 2605 1113 2682 liberorumque
1134 2611 1265 2677 stamas,
1386 2627 1387 2658 l

153 2688 249 2746 instar
267 2687 503 2766 supplicantium
524 2687 666 2746 manibus
686 2690 836 2764 extensis,
859 2691 1000 2750 erexisse.
1039 2697 1191 2747 caetorum
1207 2707 1267 2766 pro
1386 2697 1387 2700 ’

155 2772 189 2838 ἓν
216 2797 254 2860 cp
282 2777 378 2860 χαλκῇ
404 2768 528 2835 ἄνωθεν
549 2775 603 2853 τῆς
623 2775 810 2856 θεανὸριιιιῐς
831 2771 952 2849 εἰκόνος
971 2772 1135 2854 legendum
1156 2793 1267 2834 censeo

155 2854 281 2922 ἄνωθεν
308 2864 364 2940 τῆς
389 2863 501 2940 χαλκῆς
527 2859 658 2939 πλησίον
683 2863 738 2938 τῆς
762 2861 950 2940 θεαιορικῆι
971 2855 1102 2934 εἰκόνος.
1142 2861 1186 2918 ita
1204 2859 1268 2918 Ζο-

153 2963 258 3006 naras:
283 2942 318 3009 ιο
341 2941 411 3008 ὃὲ”
394 2969 468 3026 οναρ
490 2940 587 3008 ἐδόκει
607 2939 790 3026 ereptorem
811 2941 888 3008 πολν
910 2951 956 3030 cpi
976 2942 1102 3008 ἄνωθεν
1122 2949 1177 3023 τῆς
1196 2949 1266 3025 χαλ-

153 3025 565 3176 titilltliillit
575 3026 952 3182 ,ilitiiiwlllt‘i
965 3029 1265 3204 ἔθιλῖῗὲἴέιῗὶἷ

154 3209 245 3280 atque
266 3197 390 3264 ἄνωθεν
409 3138 466 3283 τῆξ
484 3206 605 3282 χαλκῆς.
628 3159 690 3261 ’λιιι
711 3203 786 3262 alias
804 3222 860 3308 pro
877 3139 1262 3267 siscoivxeoonvcot·
1207 3205 1262 3263 τοῦ

151 3282 243 3430 ἰνίον
273 3289 425 3362 Μωκίου,
458 3286 531 3348 dicit
562 3289 595 3353 is
616 3292 662 3375 cpi
681 3294 746 3375 ναῷ
766 3294 822 3354 τοῦ
843 3287 934 3374 cyiov
956 3289 1091 3354 Μοιιιίοι
1114 3282 1261 3352 κάτωθεν.

179 3387 255 3435 sun.

236 3491 268 3553 p
290 3475 333 3536 60
353 3493 384 3533 r.
405 3475 445 3538 13
467 3495 513 3558 aq.
555 3475 592 3538 oi
609 3471 643 3538 (il
663 3473 837 3538 iorool-
861 3471 1070 3582 ὄΛιγιῖριος]
1102 3485 1137 3534 ut
1157 3493 1263 3534 sensus

152 3559 192 3620 sit
208 3560 341 3640 integer,
363 3561 528 3641 legendum
545 3583 611 3622 esse
628 3560 749 3622 videtur
764 3557 939 3642 φιλοσόφων
953 3562 1000 3638 (ii,
1022 3563 1073 3621 vel
1087 3555 1263 3639 φιλοσόφου
1385 3591 1386 3640 ι

153 3643 187 3707 til
216 3663 311 3724 φασιν
340 3641 504 3727 εἶναιτὴν
531 3649 620 3729 μίαν,
650 3647 703 3722 οἷς.
743 3667 857 3708 nomen
878 3649 995 3729 Ligarii
1016 3646 1067 3706 hic
1088 3657 1263 3726 corruptum
1385 3649 1386 3672 ³

152 3749 219 3790 esse
247 3741 331 3811 puto.
374 3735 408 3790 in
437 3733 540 3794 codice
565 3737 630 3796 Vnt.
653 3733 763 3814 legitur
790 3735 825 3797 αλ
845 3731 879 3799 ii
899 3734 1003 3798 loiseel
1023 3728 1080 3796 δύο
1102 3737 1209 3810 στῆλαι
1231 3729 1265 3791 ei

152 3815 359 3922 ἐκτεταμέναις
379 3825 445 3894 ταῖς
465 3819 548 3900 χερσὶ
569 3819 602 3882 ire
623 3825 677 3925 τῇς
700 3822 845 3902 Θηβαίων
866 3824 923 3904 γῆς
943 3816 1047 3900 ἤνασι
1091 3812 1263 3918 φιλόσοφος

153 3900 188 3962 δέ
213 3921 310 3983 φησιν
335 3898 475 3984 ολγιλριος
493 3901 675 3984 Ἑλληνικός.
718 3906 757 3965 ad
778 3909 924 3988 anonymi
944 3907 1137 3968 Collectanee
1158 3903 1264 3961 notavi

151 4003 207 4062 pro
237 3985 322 4070 scepei
348 3992 514 4068 Λιγοιιρίοα
541 3990 733 4050 scribendum
761 4011 826 4052 esse
853 3989 936 4072 scepei
954 3988 1128 4098 Ὀλιιβρίοιι.
1168 4007 1266 4098 quare‘

152 4073 245 4129 etiam
272 4073 331 4132 hoc
357 4076 425 4132 loco
451 4073 528 4130 forte
557 4078 626 4154 quis
654 4075 820 4156 legendum
846 4081 1027 4138 coniectaret
1056 4068 1266 4158 'Oleilipsce‘
1248 4098 1265 4137 ο

149 4146 330 4296 {perpetim
373 4155 427 4218 sed
453 4175 550 4238 aeque
576 4158 654 4220 milri
683 4163 823 4244 Olybrius
851 4183 943 4245 quam
971 4163 1113 4243 Ligurius
1136 4163 1263 4240 ignotus

278 4260 352 4302 sun.
