2808 4616
187 235 264 308 no
520 229 739 300 GEORGIUS
766 229 953 300 nonnius

140 429 163 484 Β
278 419 327 488 ‘H
345 420 466 506 πέμπτη
490 421 634 508 λεγομένη
658 416 758 509 πόρεα
780 417 898 505 έκλήθη
923 417 975 486 διὰ
999 419 1034 486 τό
1054 416 1130 488 εἶναι
1146 417 1203 486 τόν
1219 421 1291 510 cipr-

178 525 262 614 θμόν
279 527 335 612 τὴν
352 527 500 612 πέμπτην.

275 662 324 730 Ἦ
352 664 385 728 δὲ
414 664 557 750 Χαρσιόα
583 659 683 748 πόρτα
709 657 827 746 ἐκλήθη
852 659 912 726 ἀπό
937 661 1159 748 Χαρσίουτοῦ
1183 665 1287 730 δευτε-

178 765 319 857 ρεόοντος
343 774 399 834 τοῦ
423 768 536 854 μέρους
561 771 622 832 τῶν
647 765 802 844 Βενέτοιν,
828 761 875 831 ὅτι
901 767 1070 854 παρίστατο
1097 767 1211 848 ἐκεῖσε,
1237 769 1289 836 ὅτε

178 875 304 953 ἐκτίζετο
321 871 357 938 τὸ
370 879 515 959 χερσαῖον
531 879 638 954 τεῖχος.
1295 891 1311 942 5

278 1007 325 1076 Ἧ
353 1005 547 1096 Ξολόκερκος
577 1011 677 1101 πόρτα
708 1011 760 1078 διὰ
785 1016 876 1078 τοῦτο
903 1003 1020 1091 ἐκλήθη
1044 1003 1157 1087 οὕτως,
1181 1005 1230 1073 ότι
1256 1010 1290 1074 οἱ

178 1124 308 1200 τεχνῖται
334 1115 366 1180 έν
392 1122 436 1206 τῷ
462 1113 544 1204 τόπῳ
568 1116 705 1205 εὑρόντες
729 1116 829 1181 vidoro
852 1108 969 1191 πολλοί,
994 1112 1045 1175 καλ
1061 1109 1105 1194 μὴ
1123 1110 1289 1195 δυνάμενοι

177 1217 286 1305 θήσειν
314 1228 410 1303 τεῖχος
435 1219 486 1284 deci
509 1221 565 1304 τήν
582 1221 696 1307 πολλὴν
713 1216 914 1307 πλημμόραν,
941 1216 1066 1302 κέρκους
1084 1219 1134 1280 καὶ
1151 1243 1287 1283 παντοο-

1397 4381 1398 4424 t

1397 4521 1398 4571 i

179 1323 307 1412 ρώματα
323 1323 400 1407 μετὰ
419 1321 517 1401 ξύλων
533 1324 713 1410 ποιήσαντες
729 1325 884 1391 τεθείκασι
901 1319 936 1386 τό
954 1319 1109 1402 θεμέλιον.

138 1468 162 1520 0
282 1463 349 1546 Τήν
373 1459 521 1528 θεοτόκον
537 1465 594 1548 τήν
610 1463 798 1547 καλουμένην
814 1457 912 1545 πηγήν
930 1453 946 1523 ὅ
963 1457 1058 1542 μέγας
1071 1456 1285 1536 Ἰοοστινιανὸς
1293 1469 1327 1522 10

178 1565 301 1633 ἴκτισεν.
353 1564 557 1654 ἀπερχόμενος
579 1570 639 1658 γὰρ
667 1572 709 1644 εἰς
736 1562 861 1656 Θρηίκην
888 1563 935 1627 int
961 1567 1006 1649 τῷ
1031 1567 1200 1648 κονηγῆσαι
1226 1559 1285 1628 eide

177 1677 300 1755 πλῆθος
324 1675 402 1734 λαοῦ
425 1669 619 1756 ε”ξερχόμενον
642 1673 674 1737 έκ
698 1677 755 1744 τοῦ
778 1673 872 1736 ἐκεῖσε
889 1672 964 1731 ναοῦ
971 1713 981 1745 ,
1006 1672 1119 1752 μικροῦ
1137 1663 1180 1730 έτι
1199 1663 1287 1743 ὄντος

178 1773 353 1860 εῧκτηρίοιι,
379 1777 430 1838 καὶ
455 1774 594 1862 η’ριότησε
621 1778 653 1842 τί
673 1776 771 1842 ἐστιν·
798 1767 986 1861 Στρατήηιος
1004 1769 1039 1834 δέ
1054 1793 1101 1846 τις
1117 1767 1286 1858 μόγιστρος

176 1881 237 1943 καλ
251 1875 354 1966 φύλαξ
375 1885 437 1944 τῶν
462 1885 628 1962 βασιλικῶν
649 1876 817 1966 χρημάτων
840 1875 920 1943 εἶπεν
946 1873 1030 1961 αὐτῷ
1050 1869 1094 1958 “ri
1120 1873 1200 1959 πηγὴ
1223 1881 1285 1939 τῶν

177 1982 316 2065 ἰαμάτων
333 1983 411 2062 έστί,
435 1985 599 2050 (λέσποτα.”
653 1987 704 2050 καλ
721 1980 737 2049 ὃ
754 1980 900 2066 βασιλεὺς
915 1974 1085 2060 θαυμάσας
1102 1974 1208 2065 ὥρισε,
1232 1980 1327 2043 unilt

176 2085 303 2171 ἐκτίσθη
320 2086 394 2164 ναὸς
409 2089 550 2174 μεἠιστος
566 2092 618 2154 καλ
635 2086 817 2172 περικαλλὴς
834 2087 867 2152 ἐκ
883 2089 939 2168 τῆς
955 2080 1196 2168 περισσένσᾶσης
1211 2079 1289 2166 ὕλης

176 2196 232 2272 τής
256 2188 390 2274 μεγάλης
417 2193 586 2276 ἐκκλησίας.
636 2189 697 2257 ὑπὸ
724 2197 850 2273 σεισμοῦ
879 2189 912 2254 δὲ
935 2188 1132 2268 σνμπτωθεὶς
1157 2187 1287 2271 ἐκτίσθη

176 2291 267 2357 πόλιν
283 2293 370 2378 παρὰ
386 2291 519 2380 Είρήνης
536 2301 590 2377 τῆς
604 2295 787 2378 Ἀθηναίας,
805 2293 881 2376 έχων
899 2289 915 2356 ὃ
933 2291 1006 2367 ναὸς
1023 2289 1080 2378 ἀφ’
1101 2280 1138 2354 οὗ
1154 2290 1287 2374 ίκτίσθη

178 2397 234 2473 ἴοις
251 2402 306 2482 τῆς
318 2395 485 2481 Ἀθηναίας
502 2394 633 2485 Εἰρήνης
650 2395 701 2482 ἔτη
721 2395 860 2462 διακόσια
877 2391 1086 2480 ἑβδομήκοντα
1103 2388 1187 2458 ἑπτά.

246 2614 262 2664 1
288 2629 316 2680 p.
341 2609 376 2666 48
399 2610 481 2663 Bend.
619 2606 670 2664 τὸν
692 2605 836 2678 ἀριθμόν]
861 2603 927 2662 κατ’
952 2599 1075 2674 ἀριθμόν
1097 2600 1226 2674 πέμπτην
1252 2606 1286 2662 C.

245 2682 263 2736 θ
281 2699 309 2748 p.
327 2683 362 2733 50
380 2681 465 2734 Baud.
575 2679 593 2736 6
609 2701 638 2754 p.
657 2683 692 2736 50
707 2681 792 2734 Bend.
902 2676 1064 2744 ξολοκίρκος
1080 2682 1108 2729 et
1123 2671 1287 2740 ξολόκοικος

246 2750 301 2805 etii.
336 2746 507 2820 ξηρόκορτος
522 2749 590 2818 Reg.
710 2745 951 2832 8παντοορώσεις
971 2748 1003 2800 C.
1114 2741 1236 2828 9pefoi]
1254 2739 1286 2797 έκ

245 2819 315 2891 Reg.
439 2823 472 2875 10
477 2838 516 2944 ηε.
535 2822 569 2876 56
586 2821 669 2874 Βασὰ.
789 2821 823 2876 13
840 2816 986 2885 ενκτηρίοο
1003 2812 1052 2870 καί
1070 2832 1195 2886 μονοιηοο
1210 2809 1288 2876 τινός

491 2908 524 2944 νο

246 2884 334 2946 έκεῑσε
351 2891 475 2960 καθεζομ
525 2909 543 2944 ο
559 2890 628 2962 Reg.
734 2887 768 2946 19
787 2886 850 2958 ἔτη]
870 2883 908 2952 ρξ’
925 2881 1022 2956 χρόνοι
1038 2885 1107 2956 Reg.

281 3076 365 3130 Porto
389 3095 457 3148 quoe
481 3083 593 3132 vocatur
616 3077 732 3144 Quinte,
760 3093 794 3130 ex
816 3093 848 3128 eo
869 3093 964 3129 nomen
987 3075 1068 3129 hebet
1090 3073 1160 3145 quod
1177 3089 1285 3127 numem

178 3146 272 3218 quinte
289 3145 334 3198 sit.

281 3215 363 3268 Portu
387 3214 514 3268 Chersire
536 3215 575 3268 ite
599 3215 669 3268 dictu
693 3220 735 3268 eet
751 3231 767 3266 o
785 3215 897 3268 Chersis
913 3213 1069 3269 secundario
1086 3213 1214 3268 fectionis
1229 3213 1287 3267 Ve-

178 3290 272 3350 netae,
299 3284 345 3353 qui
370 3290 520 3340 structurae
545 3285 603 3339 ciue
627 3283 678 3338 ioci
698 3285 829 3356 praefuit,
858 3301 915 3339 cnm
938 3285 1098 3338 conderetur
1119 3301 1207 3338 murus
1228 3288 1287 3335 ter-

177 3353 282 3408 restris.

280 3423 363 3476 Portu
385 3439 454 3493 quoe
478 3427 589 3477 vocetur
614 3421 793 3493 Xyloceroos‚
821 3441 915 3478 nornen
932 3441 965 3478 ex
982 3441 1014 3477 eo
1032 3422 1114 3476 hebet
1130 3421 1203 3492 quod
1219 3419 1289 3476 erti-

177 3493 242 3546 ficeo
260 3509 315 3546 enm
332 3499 480 3561 struentes,
498 3499 607 3564 propter
622 3511 741 3564 magnum
758 3511 843 3564 equae
861 3493 961 3564 copiam
977 3495 1016 3548 ibi
1032 3504 1165 3564 repertam
1182 3497 1210 3544 ct
1226 3508 1288 3544 cre-

177 3565 252 3616 brem
278 3562 355 3616 meris
378 3564 589 3632 inundationem,
616 3565 735 3618 roboreis
751 3565 833 3635 tignis
852 3571 880 3618 et
894 3564 964 3635 pelis
980 3565 1008 3618 in
1025 3580 1095 3634 eque
1113 3561 1209 3616 defixio
1225 3561 1288 3614 fun-

178 3631 325 3686 dumentum
345 3639 579 3704 superposuerunt.

282 3702 428 3756 Ecclesium
443 3703 474 3756 8.
491 3703 630 3776 deiparae,
649 3719 717 3772 quoe
733 3702 930 3773 cognominetur
943 3704 977 3757 ed
990 3705 1104 3770 iontem,
1122 3699 1288 3754 Iustinianue

177 3787 286 3896 ἳρςηαε
304 3773 450 3896 clondidit.d
463 3791 519 3895 ησιο
536 3773 604 3896 etmm
617 3773 760 3894 ‹eliquando
778 3775 806 3826 in
824 3773 966 3896 Thtmoiem
982 3778 1113 3896 εοηαλιιτηι
1121 3771 1190 3894 sm:
1206 3775 1288 3892 2}de

175 3859 228 3966 ..ἴ
236 3859 451 3984 ρὲλλλρλζξσ
469 3861 673 3982 ,insitii
687 3859 1096 3983 titttttttttuttnt
1113 3861 1166 3965 λιι
1185 3908 1289 3974 πο...

175 3983 314 4054 strategio
332 3990 419 4036 sutem
436 3983 547 4051 quodem
564 3983 689 4054 megietro
708 3989 737 4036 et
753 3982 862 4036 custode
876 3982 1019 4052 imperielis
1032 3981 1161 4052 pecuniae
1172 3994 1288 4048 respon-

175 4051 254 4108 dente
272 4057 375 4108 fontem
391 4052 430 4104 ibi
448 4069 508 4104 esee
524 4053 629 4106 morbos
649 4059 797 4120 sonantem,
820 4051 898 4105 vuido
915 4053 965 4106 hoo
981 4053 1125 4106 admiratus
1143 4057 1183 4104 est
1200 4049 1236 4102 im
1258 4065 1288 4102 e-

131 4181 133 4186 .
176 4130 265 4191 rotor,
284 4131 313 4179 et
329 4140 364 4178 ex
383 4121 517 4191 superflue
533 4123 643 4176 muteris
659 4139 768 4192 magnae
783 4122 908 4174 ecclesiae
923 4123 1016 4194 ingens
1029 4123 1068 4176 ibi
1082 4127 1111 4174 et
1123 4067 1291 4192 splendidum

178 4193 330 4248 aedificavit
352 4193 490 4262 templum,
518 4192 587 4262 quod
611 4199 702 4246 terrae
726 4198 797 4245 motu
820 4192 961 4261 collapsum
980 4194 1058 4248 Irene
1074 4192 1166 4247 Attice
1183 4187 1290 4247 resedi·

177 4257 269 4316 ticevit
285 4263 338 4323 277
356 4263 433 4319 conto
448 4267 513 4334 poet
528 4261 637 4333 prinum
656 4263 712 4317 eius
730 4261 948 4318 uedifimtioneu.
