2814 4608
437 223 493 291 AD
519 218 718 288 GODINUM
741 217 897 286 NOTAE.
1141 216 1217 290 22³

114 415 266 490 ἐδεξιοῦτο
293 405 327 474 τά
354 399 511 489 λουτήρων
539 401 583 478 είς
604 397 658 466 τάν
678 395 794 464 κάνονα
813 403 868 483 τῆς
888 395 1017 484 μεγάλης
1038 397 1217 485 ἑβδομάδος.

113 505 237 562 Munus.

200 605 232 664 p.
254 584 294 646 16
315 599 342 646 v.
365 579 395 641 1.
437 565 527 648 οὗτος
554 569 602 651 δὲ]
636 569 674 630 de
694 572 892 632 constantino
912 587 1024 650 magno
1044 571 1219 655 intelligen-

116 671 192 732 dum
218 677 272 732 est.
315 665 348 722 in
375 658 439 721 cod.
465 659 700 739 Vat.scriptu1n
720 658 833 736 reperi,
864 667 898 715 ut
917 656 951 715 in
970 653 1138 738 Hesychio,
1169 657 1220 724 λπλ

116 755 151 822 δὲ
171 749 290 826 τούτοις
310 747 363 812 καλ
385 757 441 806 etc.
483 746 584 803 brun.

201 860 233 920 p.
256 839 298 900 16
319 855 349 899 τ.
371 834 402 897 8.
444 834 498 910 τῆς
527 819 689 900 Παλλάδος
717 821 882 910 [δράματα]
913 823 1046 886 Zonaras
1067 829 1217 894 Annel.3

116 945 179 987 non
199 923 259 983 duo
278 917 417 981 Palladia
436 915 491 976 sed
511 933 608 973 unum
627 923 744 989 nurret3
766 923 797 972 et
817 911 970 972 constituit
989 915 1099 973 nonin
1115 923 1222 974 senatu

117 1011 171 1074 sed
190 1012 225 1068 in
243 1009 311 1068 foro
331 1007 465 1064 Placoto.
508 1002 630 1062 Munus.

201 1115 232 1176 p.
255 1094 297 1156 16
317 1110 346 1152 r.
367 1087 397 1152 4.
439 1079 551 1160 occisoris
579 1080 782 1166 ἡμερησίους]
818 1082 934 1162 corrigo
965 1077 1074 1162 άρτους
1104 1080 1222 1167 ἡμερη-

119 1182 215 1256 σίους.
257 1175 328 1237 vide
349 1173 536 1234 Glossarium
556 1181 692 1230 nostrum
712 1173 746 1227 in
765 1173 931 1232 παλατῖνοι.
973 1171 1095 1232 Munus.

202 1285 233 1344 p.
255 1263 296 1326 16
316 1279 347 1325 v.
368 1261 399 1324 7.
443 1261 504 1319 soie
524 1251 580 1319 λίπ’
602 1249 698 1318 αὐτοῦ
719 1251 870 1338 ῥιφέντων
890 1247 1051 1334 καλάμων]
1080 1271 1224 1335 quorsum

118 1349 170 1410 hic
191 1344 324 1407 calamii
367 1352 505 1423 superest
524 1360 560 1401 ea
580 1360 658 1416 vox,
684 1341 788 1420 itaque
810 1341 905 1402 elicio.
948 1339 1056 1400 Suidas
1076 1359 1127 1398 me
1148 1359 1224 1400 con-

119 1437 235 1510 firmat,
263 1433 347 1491 cuius
374 1432 406 1487 in
436 1426 493 1486 hac
516 1428 584 1508 ipsa
610 1447 643 1485 re
668 1443 705 1484 ea
729 1426 835 1486 verbe:
864 1423 1037 1508 προσέθηκα
1057 1422 1090 1487 bi
1110 1420 1225 1500 τούτοις

119 1519 174 1584 καλ
205 1513 278 1601 κρέα
306 1513 358 1579 καί
387 1507 473 1577 οίνον
500 1511 551 1576 καλ
578 1511 695 1588 ἔλαιον,
725 1502 770 1574 σίν
791 1508 876 1594 μέχρι
895 1506 976 1586 τινὸς
995 1508 1019 1592 ιλ
1038 1505 1127 1585 πόλις
1146 1503 1225 1591 ἡπό-

119 1609 212 1668 λαυοε
240 1605 302 1664 τοῖν
328 1594 385 1664 ὑπ’
415 1592 512 1661 αάτοῦ
537 1594 687 1680 βιφέντωυ
708 1593 843 1678 φέρουσα
862 1590 901 1658 τά
921 1598 1123 1681 γνωρίσματα.
1164 1596 1225 1655 nisi

118 1710 174 1770 pro
194 1681 337 1769 καλάμων
356 1683 445 1744 mdis
465 1703 610 1764 reponere
624 1683 805 1746 παλατίνων.
825 1683 946 1743 Μιιυιιο.
988 1676 1132 1763 καλάμων
1144 1703 1225 1765 γνω-

120 1775 250 1858 ρίσματα
280 1780 368 1832 vocat
393 1779 522 1830 tesseras
549 1771 704 1850 panarius,
738 1767 847 1849 quibus
868 1766 954 1848 quasi
973 1769 1068 1847 siguis
1089 1777 1120 1826 et
1140 1785 1227 1847 sym-
1278 1811 1280 1814 -

118 1861 197 1920 bolis
229 1854 411 1940 quibusdem
441 1857 566 1936 prolatis
596 1857 620 1913 ii
651 1853 906 1934 cognoscebantur
935 1871 1012 1934 quos
1039 1869 1227 1912 annonarum

118 1946 283 2005 civicmum
315 1943 537 2020 erogationibus
564 1940 625 2000 frui
651 1940 700 2000 ius
729 1947 803 1998 eret.
844 1940 942 2003 lulius
967 1937 1080 1998 Pollux
1098 1939 1132 1996 in
1151 1937 1227 1996 Fre-

118 2033 242 2110 gmento
275 2025 416 2086 chronico
446 2028 538 2106 paulo
569 2036 638 2085 ante
666 2027 757 2084 citato
785 2020 929 2103 καλάμων
957 2019 1102 2104 συντάμια
1129 2031 1226 2084 vocat.

117 2113 188 2175 eide
213 2111 390 2193 plenissime
417 2129 507 2192 super
528 2109 587 2171 hoo
608 2109 717 2171 codini
735 2109 804 2170 loco
826 2107 1023 2170 disscrmtem
1043 2106 1227 2170 Salmasium

117 2201 151 2258 in
170 2199 252 2258 notis
273 2197 312 2257 ad
332 2197 471 2257 Flavium
492 2197 665 2277 Vopiscum.
707 2197 810 2256 Ιιιιω.

202 2304 233 2364 p.
255 2283 298 2348 16
318 2303 349 2348 v.
370 2286 403 2349 8.
445 2276 561 2365 νόμους
577 2303 608 2345 τι
623 2279 677 2344 καλ
691 2275 861 2360 συμβόλαια
875 2271 953 2341 καθ’
967 2273 1096 2360 ἑκάστην
1109 2274 1224 2358 τιθείς]

117 2367 215 2429 scribe
243 2361 360 2450 νόμους
385 2389 417 2431 sa
444 2367 514 2450 περλ
541 2369 603 2428 τάν
629 2359 709 2429 καθ’
737 2359 867 2443 έκάστκν
898 2363 1089 2444 συμβολαίων
1117 2363 1226 2440 τιθείς.

117 2454 161 2514 sie
187 2453 269 2512 infre
297 2445 410 2534 νόμους
437 2475 469 2516 τι
497 2453 597 2534 inquit
625 2447 695 2532 περί
714 2452 777 2512 ταῖν
797 2441 874 2514 καθ’
893 2446 1011 2532 ἡμέραν
1032 2449 1226 2530 συμβολαίων

116 2535 288 2622 τιθέμενος.
329 2538 445 2599 Latinis
475 2534 512 2602 τά
539 2528 618 2600 καθ’
647 2531 780 2616 ἑκάστην
809 2529 980 2616 συμβόλαια
1007 2532 1148 2594 dicuntur
1177 2553 1225 2595 res

118 2623 331 2706 quotidianae3
363 2642 425 2704 que
450 2623 668 2700 significatione
688 2621 778 2680 (laius
798 2621 837 2678 10
858 2621 976 2700 aliquos
997 2618 1035 2679 de
1057 2621 1120 2681 suis
1141 2639 1227 2680 com·

117 2709 274 2768 mentariis
293 2707 368 2766 iuris
387 2708 538 2785 inscripsit
554 2723 654 2762 rerum
669 2705 928 2784 quotidianarum,
946 2707 980 2764 in
995 2706 1104 2786 quibus
1119 2703 1226 2786 dispu-

118 2794 203 2854 tabat
229 2789 300 2873 πιρλ
326 2794 390 2853 ταῖν
418 2791 495 2852 καθ’
526 2785 659 2869 ίκάστην
685 2786 803 2871 ἡμέραν
822 2787 1010 2869 κινουμένων
1030 2787 1225 2873 πραγμάτων,

117 2887 155 2938 ut
188 2876 278 2936 refert
314 2873 507 2956 Theophilus
539 2874 777 2935 imunimarum
809 2875 1035 2934 Institutionum
1068 2875 1224 2955 interpres.

117 2965 221 3024 Ιιιιιιι.

118 3134 170 3192 ΜΣ
203 3045 299 3126 p.16
326 3044 427 3108 v.16.
474 3036 535 3124 ἅμ’
568 3035 607 3126 ἧς
642 3035 864 3129 depellam]
900 3039 1011 3104 fluidas
1044 3043 1078 3103 in
1112 3043 1224 3124 Σοφία.

171 3149 242 3192 oue.

204 3236 234 3296 p.
257 3214 297 3277 16
322 3231 351 3272 r.
373 3212 425 3276 17.
468 3206 520 3274 Ku'
539 3236 576 3276 ον
596 3215 654 3276 sori
672 3206 788 3295 πατρός
807 3212 1044 3294 Διοκλητιανοῦ]
1072 3212 1225 3292 anigitur

120 3301 215 3362 Gerus
235 3307 321 3379 pater
341 3235 543 3357 Diocletianii
584 3316 663 3378 nego
684 3299 772 3358 clere.
815 3295 867 3357 adi
884 3298 1042 3357 Aurelium
1057 3297 1224 3360 Victorem:

118 3388 175 3448 ille
202 3386 259 3446 tibi
286 3381 459 3442 Dalmatam
487 3381 568 3443 dicet
595 3393 625 3442 et
652 3384 795 3444 libertum
821 3383 948 3444 Anulini
972 3383 1127 3446 senatoris.
1168 3383 1225 3447 sesi

120 3469 202 3553 epud
231 3469 356 3530 Suidem
384 3485 506 3550 quoque
531 3471 566 3528 iu
593 3469 698 3547 Σοφία
723 3479 769 3531 est
796 3463 904 3552 Κάρου
930 3463 1070 3552 πατρωίου
1093 3474 1225 3552 Asculo]-

120 3559 237 3620 πανοῦ.
280 3551 355 3635 quid
381 3549 476 3634 ergoi
517 3553 710 3618 scribendum
736 3573 844 3616 censeo
863 3555 1022 3636 utrobique
1044 3547 1151 3639 Κάρου
1168 3559 1227 3621 τοῦ

120 3637 181 3724 πρὸ
207 3642 439 3720 Διοκλητιανοῦ.
488 3659 561 3701 nem
590 3641 683 3701 Gerus
709 3639 921 3722 praedecessor
947 3641 1128 3701 Diocletiani
1157 3642 1224 3702 fuit.

120 3729 244 3790 lihons.
285 3723 362 3786 haec
387 3725 479 3786 verbe
503 3727 537 3786 in
558 3727 698 3787 omnibus
718 3729 782 3787 fere
803 3725 955 3788 codicibus
976 3725 1094 3789 diverse
1114 3727 1225 3808 legun-

121 3822 181 3874 tur.
223 3813 257 3872 in
284 3831 345 3873 uno
373 3813 441 3875 Vet.
467 3808 534 3872 cod.
560 3813 706 3892 scriptum
731 3813 835 3873 inveni
861 3806 995 3891 καράου,
1026 3814 1060 3872 in
1085 3814 1146 3872 alio
1173 3809 1225 3874 καλ

124 3893 270 3981 Καράτον
289 3900 346 3961 τοῦ
365 3897 525 3981 πατρικίου
545 3902 783 3979 Διοκλητιανσῦ,
809 3898 843 3956 in
863 3898 1006 3978 anonymi
1025 3896 1225 3959 (lollecteneis

124 3980 178 4045 καί
196 3977 293 4065 κάρον
312 3986 370 4046 τοῦ
389 3987 528 4065 πατρυοῦ
548 3988 783 4064 Διοκλητιανοῦ,
811 3984 846 4043 in
866 3983 932 4046 cod.
953 3985 1151 4046 vallicellano
1172 3981 1226 4048 καλ

125 4059 236 4148 Κάρον
271 4065 323 4129 καλ
355 4073 587 4150 Διοκλητιανοῦ.
635 4066 717 4151 opud
744 4068 871 4130 Suidem
897 4071 1009 4152 legiler
1035 4066 1088 4132 καί
1115 4061 1224 4152 Κάρου

123 4145 269 4238 πατρβου
296 4155 526 4234 Διοκλητιανοῦ.
575 4155 609 4215 iu
632 4158 693 4218 ulio
713 4155 815 4218 codice
834 4157 981 4239 scriptum
999 4154 1097 4234 reperi
1116 4157 1174 4218 sori
1192 4175 1225 4218 το

124 4233 202 4313 Διάς
221 4233 273 4301 καί
294 4231 403 4318 Κάνου
421 4245 478 4304 τοῦ
498 4237 608 4326 πατρίς
627 4242 680 4308 καλ
695 4247 932 4327 Διοκλητιανοιῑ,
952 4237 1034 4324 quod
1052 4239 1126 4303 selis
1145 4237 1223 4304 rnihi
