2814 4608
478 179 534 246 AD
561 176 760 246 GODINUM
783 180 941 250 NOTAE.
1184 187 1258 258 231

239 377 273 440 p.
292 357 337 424 26
355 377 386 424 ν.
405 354 438 423 4.
478 354 534 423 τάν
562 353 685 440 κάμινον
712 359 769 423 τοῦ
793 359 1023 444 τριβονναλίον]
1058 363 1179 446 proprie
1208 365 1260 430 hic

154 446 242 506 iocus
269 443 402 523 Campus
423 439 588 504 dicebatur.
629 445 799 506 Diaconua:
832 457 868 504 ut
888 448 1022 508 ιίιιιιιιίιε
1041 448 1187 530 Byzantii
1206 473 1260 514 ax-

155 542 205 590 tra
225 531 387 606 ciuitatem,
409 529 443 594 ἰιι
463 529 527 590 loco
547 529 602 610 qui
621 529 734 590 άίοἰίιιν
756 531 903 610 campus,
923 545 1018 594 escant
1027 549 1258 614 μινεονιιοιιίιο.

153 613 337 677 Theodorus
360 617 536 695 Anagnosta
555 615 662 696 Eclog.
684 620 720 679 1:
752 613 786 679 ἐν
812 622 879 692 ταῖς
904 623 1000 696 λιταῖς
1025 622 1199 704 γενομέναις
1225 625 1260 690 ἐν

153 705 198 786 τῷ
224 697 334 786 κάμιτρι
360 697 449 776 πεζάς
474 697 658 781 Μαρκιανὸς
679 695 870 786 ἐξερχόμενος
889 701 1003 780 πολλάς
1021 711 1086 782 τοῖς
1105 705 1260 790 δεομένοις

154 784 270 866 δωρεάς
293 791 442 868 παρεῖχεν.
484 797 515 847 ct
535 785 587 846 hic
607 805 728 869 quoquc
748 785 839 867 defigi
858 789 948 850 solita
968 791 1130 853 noxiorum
1151 795 1257 876 capita.

153 874 264 950 colligo
295 892 337 932 cx
367 873 501 933 Diacono
533 873 567 931 in
595 871 716 933 Phoca:
750 873 872 933 Phocoe
900 885 1046 955 tyrannm
1073 879 1259 939 Mauritium

147 959 289 1038 peremit,
317 967 353 1018 ut
372 957 563 1036 praedictum
585 969 642 1032 act,
670 974 824 1018 unacum
844 959 988 1020 ιιιοοσιιῖἰε
1008 963 1140 1044 quinque
1154 967 1260 1044 pueris

152 1045 230 1114 eirca,
264 1053 293 1102 et
316 1041 424 1102 borum
450 1046 554 1128 capita
579 1045 667 1104 iussit
686 1045 767 1126 poni
787 1045 821 1104 ἰιι
845 1045 959 1128 Campo
978 1045 1138 1110 citonato·
1154 1049 1260 1112 cubuc

152 1129 266 1190 multia.
310 1129 437 1192 Manna.

235 1235 267 1296 p·
287 1215 331 1278 26
350 1231 384 1288 ω,
401 1211 432 1278 5.
476 1204 638 1295 Πρόκλον]
664 1207 716 1273 hic
737 1222 783 1274 est
801 1212 855 1274 ille
874 1215 940 1298 ipsc
960 1215 1084 1279 Proclua
1105 1215 1144 1278 ad
1164 1237 1258 1300 quem

151 1309 253 1359 exstat
273 1299 395 1380 Syneaii
414 1296 542 1379 epistola
561 1297 615 1364 70.
656 1299 744 1358 facile
763 1298 842 1358 mibi
861 1301 1047 1378 assentieris,
1077 1305 1132 1386 qui
1157 1315 1257 1364 attan.

152 1383 199 1444 dis
219 1383 358 1443 initium:
378 1381 506 1468 ιιέρνσιν
527 1376 582 1466 οάχ
600 1377 669 1465 ἥκει
687 1407 739 1466 μοι
755 1380 913 1467 γράμματα
929 1383 1013 1470 παρά
1030 1391 1084 1470 τῆς
1100 1389 1183 1470 ἱερᾶς
1200 1407 1257 1453 σον

150 1463 261 1553 χειρός.
302 1469 378 1528 item
399 1467 559 1532 exodium:
581 1467 717 1552 γενέσθω
739 1467 780 1550 δή
797 1493 843 1548 τις
859 1471 1043 1554 παραμυθία
1058 1469 1093 1536 τά
1111 1471 1259 1550 δέξασθαι

149 1558 205 1636 τῆς
235 1558 383 1637 πατρικῆς
412 1573 469 1620 σου
499 1557 636 1637 κεφαλῆς
662 1549 838 1641 γράμματα,
871 1553 904 1622 τά
932 1554 1174 1639 τιμαλφάστανον
1194 1552 1257 1624 iao*

152 1635 275 1726 Θράκης
296 1634 461 1724 άμάγιμον.
502 1643 628 1701 Munus.
778 1713 779 1718 η

233 1746 264 1806 p·
285 1727 329 1789 26
350 1746 381 1786 v.
403 1725 455 1790 15.
496 1731 558 1789 cciv
583 1723 778 1808 Βλαχερνάν]
810 1735 875 1785 erat
900 1725 966 1784 illic
993 1725 1151 1806 templum.
1195 1726 1255 1786 (ic-

148 1807 277 1870 drenua:
308 1803 387 1874 καθ’
414 1807 457 1892 ἢν
483 1809 602 1894 ἡμέραν
629 1811 744 1876 εἴθιστο
765 1803 887 1874 άιιιέναι
905 1805 982 1895 πρός
1002 1806 1053 1874 τὸν
1072 1809 1105 1874 ἐν
1125 1810 1256 1894 Βλαχέρ-

147 1918 215 1968 ναις
243 1901 334 1958 θεῖον
361 1890 446 1959 ναόν.
490 1907 581 1978 atque
606 1895 679 1956 inde
705 1895 921 1976 intelligendus
945 1895 1113 1974 Diaconus,
1144 1896 1198 1978 qui
1222 1899 1256 1956 iu

146 1979 287 2039 Heraclio
308 1991 410 2040 narrat
430 1981 527 2040 filium
545 1981 610 2043 eiua
628 1983 857 2042 Constantinum
872 1983 905 2040 in
921 1979 1097 2042 blachernis
1114 2001 1132 2040 a
1148 1981 1255 2060 Sergio

146 2063 316 2144 patriarcha
348 2086 415 2126 asse
446 2067 641 2146 baptizatum.
697 2070 849 2127 exstruxit
879 2063 940 2126 hoc
970 2064 1140 2126 Theodosii
1171 2086 1256 2134 soror

145 2147 307 2209 Pulcheria
333 2162 402 2232 post
426 2163 557 2212 mortem
584 2153 703 2230 fratris,
734 2161 811 2212 teate
838 2155 965 2212 Zonara.
1009 2161 1040 2212 et
1060 2149 1111 2210 hic
1131 2151 1256 2211 tradunt

145 2245 262 2294 vestem
292 2254 328 2294 ac
356 2257 467 2296 zonam
494 2241 552 2319 τῆς
576 2233 724 2301 dcccdccc
747 2236 899 2298 dedicatas
920 2236 1024 2300 fuisse.
1065 2246 1203 2298 auctores
1224 2247 1255 2297 et

143 2319 331 2402 Nicephorus
353 2319 395 2385 15
426 2317 468 2387 14
499 2332 530 2382 et
550 2323 768 2401 Menoiogium.
812 2333 877 2382 erat
896 2333 1052 2402 praeterea
1071 2323 1136 2384 illic
1156 2323 1254 2382 tricli-

142 2409 230 2466 nium
254 2406 413 2466 Anaotasii.
454 2405 526 2467 ride
547 2405 676 2468 Suidam
698 2407 731 2465 in
756 2399 960 2482 Ἀναστάσιορ
1002 2417 1093 2487 atquc
1113 2403 1165 2467 hic
1184 2427 1254 2466 ma-

141 2510 220 2570 guus
246 2487 404 2572 logotheta
426 2490 637 2554 iusiurandum
659 2492 826 2571 accipiebat
847 2494 919 2553 novi
938 2493 1139 2574 imperatoria.
1180 2495 1254 2552 licet

140 2575 263 2638 haurire
279 2589 326 2636 'ex
345 2575 589 2658 Nicetap.147
619 2578 653 2640 6.
695 2579 890 2655 conflagravit
912 2579 968 2638 sub
989 2581 1103 2639 Ioanne
1123 2579 1252 2639 Palaeo-

141 2663 231 2740 togo,
254 2661 362 2740 viginti
382 2661 498 2721 circiter
519 2661 607 2720 annia
625 2667 697 2720 ante
718 2673 838 2742 captam
856 2663 965 2723 urbem
982 2681 1001 2724 a
1018 2662 1137 2724 Tuccia.
1179 2661 1250 2726 vida

142 2744 299 2806 Phranzen
320 2741 505 2810 chronic-2
537 2746 588 2809 10·
629 2745 753 2809 Munus.

225 2849 256 2910 p.
277 2832 320 2895 26
341 2849 373 2890 v·
396 2829 446 2894 15.
488 2830 542 2909 τῆς
560 2829 715 2910 χρυσείας]
746 2827 798 2889 hic
826 2839 891 2890 erat
917 2831 1114 2890 simulacrum
1142 2827 1250 2891 Theo·

142 2914 218 2975 dosii
239 2915 379 2990 maioris,
401 2911 483 2996 quod
502 2915 613 2974 corruit
635 2933 676 2974 ex
695 2925 793 2974 terrae
813 2924 900 2974 motu
920 2915 1106 2995 temporibus
1125 2916 1249 2976 Leonis.

141 3011 245 3062 auctor
264 3009 310 3060 est
328 3001 491 3062 Diaconos.
532 3001 654 3062 Mrurs.

225 3106 257 3166 p·
278 3087 322 3148 27
342 3105 372 3146 v.
392 3087 422 3150 1.
464 3086 521 3147 τοῦ
540 3079 708 3166 Σελεύκου]
739 3081 850 3145 sudas
868 3084 902 3143 in
922 3081 1081 3158 Σέλευκος.
1123 3085 1247 3146 Manus.

226 3191 258 3250 p·
276 3173 320 3234 27
341 3190 371 3234 v.
391 3175 422 3236 2.
465 3166 656 3252 Νικάνορος]
677 3164 970 3252 contumaciaeque.
1002 3171 1046 3230 sic
1060 3168 1151 3231 ctiam
1166 3169 1248 3250 apud

140 3253 271 3319 Suidam
286 3257 320 3314 in
337 3275 365 3319 τ.
383 3252 547 3332 Σέλευκος,
575 3275 631 3336 pro
646 3249 793 3341 Νικάνωρ
815 3251 963 3336 Νικάτωρ
982 3255 1101 3335 legitur.
1143 3255 1245 3319 urna.

139 3429 190 3490 ΜΕ
223 3361 256 3422 p·
276 3343 320 3406 27
340 3361 372 3404 ν.
391 3341 424 3406 9.
465 3338 500 3406 ἐν
534 3346 600 3418 ταῖς
636 3338 770 3427 ἑορταῖς]
809 3339 920 3404 Suidaa
953 3342 987 3403 in
1022 3336 1246 3426 Ἀιραβαιικάς.

191 3445 264 3492 uus.

223 3534 256 3594 p.
276 3513 318 3578 28
338 3531 368 3574 v·
392 3513 421 3576 1·
464 3510 702 3597 ξηραμτελίνας]
732 3509 868 3572 Iuvenal.
889 3509 953 3572 sat.
974 3513 1011 3578 6:
1041 3521 1071 3570 aa
1088 3526 1244 3590 κινοιιιμι-

139 3599 221 3658 linua
240 3608 334 3659 νωιιε
353 3595 510 3658 άοιιανονὶι
527 3598 601 3676 ι’μοί.
639 3597 694 3659 ubi
712 3607 800 3663 ratus
820 3593 998 3660 scholiastes
1016 3607 1103 3657 notat
1119 3615 1244 3657 xeram-

139 3686 257 3766 pelion
284 3684 385 3746 vocari
405 3693 505 3748 reaten
525 3683 678 3765 ampeliuc
698 3684 800 3748 colora
819 3683 943 3762 finum,
973 3683 1028 3765 qui
1045 3683 1125 3744 inter
1145 3683 1243 3746 cocci-

135 3789 214 3832 num
234 3779 266 3831 et
284 3772 433 3832 muricem
451 3767 570 3833 mcdiua
591 3779 647 3834 cat.
687 3769 790 3834 urna.

223 3875 257 3936 ρ.
275 3857 319 3922 28
339 3876 369 3918 τ.
390 3859 423 3922 2.
464 3849 683 3940 άτραβατιιιάς]
715 3856 830 3918 scilicet
858 3853 944 3938 quasi
972 3845 1165 3938 άνραβαιιιάς
1191 3849 1242 3909 vel

135 3933 381 4022 -άνραβαιιτικάς,
419 3940 503 4022 quod
536 3943 635 4009 colore
666 3951 731 4006 atro
759 3943 871 4006 tinctae
900 3951 1007 4004 essent.
1050 3938 1105 4004 aed
1131 3934 1241 3996 rectius

140 4025 281 4092 observat
308 4028 476 4092 Salmasius
503 4027 543 4090 ad
567 4028 757 4092 Trebellium
782 4029 952 4094 Pollionem
973 4037 1002 4088 ot
1021 4025 1159 4086 Flavium
1178 4021 1241 4084 vo-

138 4111 258 4191 piscnm
284 4114 457 4174 Atrebatica
483 4134 556 4196 saga
580 4125 610 4174 et
630 4115 816 4181 Atrabatiaoc
839 4115 934 4178 birros
955 4131 1068 4176 nomeu
1088 4107 1239 4188 accepisse

138 4198 177 4258 ab
199 4197 350 4260 Atrebatis
370 4201 489 4266 Galliae
508 4203 640 4283 populis.
681 4203 783 4269 hatra.
