2802 4636
562 272 811 343 PRAEFATIO.
1204 295 1240 342 ιι

133 511 264 580 quonum
289 508 387 552 unum
411 506 432 547 a
456 483 499 552 V.
527 482 575 550 cl.
600 484 758 553 Peirescio
784 481 870 548 dono
896 497 1072 569 acceperat,
1110 488 1244 550 alterum

133 637 207 686 raro
230 638 275 681 ex
298 613 453 680 Vaticano
485 613 658 699 exemplari
688 620 847 674 curaverat
872 611 1065 691 transscribi,
1098 623 1246 696 quattuor

134 744 203 807 aliis
237 739 397 808 codicibus
428 735 463 798 in
496 731 677 800 adornanda
709 733 848 799 editione
880 756 954 802 usus
986 757 1073 818 sum,
1112 755 1247 824 quorum

132 869 269 957 primum
305 885 349 932 ex
389 860 570 930 Britannico
609 859 783 948 exemplari
818 857 1009 948 descriptum
1046 858 1134 924 dedit
1167 861 1249 926 mihi

134 989 363 1060 eruditissimus
387 985 526 1055 leucius
553 985 704 1067 Vossius,
733 1006 807 1050 cum
828 983 935 1053 adhuc
960 1007 1062 1052 essem
1087 987 1248 1052 Amatne-

134 1117 237 1197 dumi3
275 1111 449 1182 secundum
479 1109 521 1177 R.
548 1108 590 1181 P.
621 1110 757 1181 Iacobus
792 1108 978 1181 sirmondus
1006 1133 1132 1180 mecum
1160 1131 1249 1186 com·

133 1241 322 1319 municaritr
348 1239 475 1304 tertium
498 1236 582 1302 mibi
606 1234 820 1324 suppeditavit
843 1237 1034 1304 bibliotheca
1053 1237 1154 1322 Regia
1176 1259 1249 1326 per-

132 1367 234 1433 missu
258 1365 343 1433 Petri
369 1375 400 1426 et
423 1361 531 1428 Iacobi
550 1361 759 1426 Puteanorum
777 1363 927 1443 fratrum
954 1375 1096 1450 quartum
1115 1366 1251 1454 ipsemet

133 1490 257 1556 Romae
283 1490 317 1552 in
341 1487 533 1551 bibliotheca
557 1485 768 1549 Vallicellana
790 1489 927 1576 repperi.

239 1614 398 1678 Hactenus
435 1611 502 1676 dixi
536 1609 620 1676 unde
654 1609 769 1678 codini
796 1610 943 1682 ἀνέκδοτα
969 1613 1158 1703 prodierint:
1198 1633 1250 1675 se-

134 1741 240 1827 quitur
272 1751 307 1802 ut
339 1737 448 1825 paucis
483 1757 573 1818 agam
607 1733 647 1798 de
680 1737 761 1799 meis
795 1738 1128 1806 animadversionibus.
1178 1738 1250 1802 illes

133 1887 212 1932 vero
229 1851 307 1926 'tres
340 1863 480 1926 maxime
512 1862 553 1924 ob
587 1880 695 1923 causas
727 1864 914 1950 conscripsi,
948 1885 1063 1950 nempe
1088 1875 1123 1926 ut
1148 1865 1251 1926 varias

133 1991 303 2066 lectiones,
331 2007 411 2071 quae
437 2007 565 2050 sensum
591 1986 725 2048 auctoris
748 1986 914 2052 immutare
937 2009 1032 2076 posse
1058 1986 1252 2070 ridebantur,

135 2115 273 2178 aliorum
314 2111 450 2192 ingeniis
489 2107 705 2172 diiudicandae
742 2133 968 2197 proponerem3
1012 2123 1081 2174 tum
1115 2123 1150 2174 ut
1182 2112 1252 2173 loca

135 2234 292 2300 mendose
330 2233 424 2298 dubia
457 2238 586 2300 obscura
621 2245 713 2318 atque
744 2233 849 2297 minus
880 2245 962 2298 recte
992 2237 1031 2297 ab
1059 2235 1130 2298 aliis
1157 2235 1253 2298 intel-

135 2367 219 2428 lecta
250 2360 435 2441 corrigerem
464 2369 496 2422 et
521 2359 727 2445 explicarem,
763 2371 795 2422 et
822 2359 877 2423 ubi
904 2381 983 2447 opus
1011 2372 1109 2440 esset,
1147 2382 1251 2424 corre-

137 2488 250 2552 ctionis
275 2499 368 2572 atque
392 2484 611 2573 explicationis
631 2459 895 2548 moderationem
915 2481 1090 2548 redderem.
1140 2506 1252 2551 verum

138 2625 243 2676 unum
276 2631 334 2692 ego
367 2611 428 2673 hoc
459 2607 543 2694 quod
576 2609 657 2674 mihi
688 2629 912 2696 proposueram
938 2565 1029 2672 bend
1044 2610 1251 2696 praestiterim

139 2757 253 2816 necne,
294 2755 345 2798 res
379 2735 449 2823 ipsa
478 2732 638 2798 indicabit.
688 2733 816 2796 interim
846 2745 968 2812 tamen,
1011 2735 1111 2798 amice
1142 2739 1251 2816 lector,

139 2861 240 2929 velim
270 2858 329 2922 tibi
359 2858 548 2948 persuadeas
580 2857 692 2924 sedulo
718 2879 771 2922 me
799 2879 927 2947 operam
953 2856 1093 2939 dedisse,
1128 2871 1164 2921 ut
1188 2859 1252 2922 uti-

140 2984 223 3049 litati
259 2995 332 3045 tuae
369 3005 427 3071 pro
464 2983 583 3049 viribus
619 2983 700 3047 meis
737 3003 832 3070 quam
868 2979 1054 3045 fidelissime
1091 2982 1253 3064 servirem,

141 3131 243 3196 neque
273 3118 396 3195 praeter
426 3104 559 3170 modum
588 3106 721 3190 diligens
748 3120 840 3195 atque
864 3129 930 3174 non
956 3108 1129 3172 necessaria
1153 3109 1253 3172 mulla

141 3247 195 3300 aut
223 3233 384 3298 multoties
416 3234 456 3295 ab
488 3232 559 3295 aliis
591 3245 682 3296 antea
714 3229 796 3297 dicta
826 3234 1001 3322 compilans
1025 3234 1175 3322 patientia
1200 3246 1253 3297 tue

141 3361 292 3424 abuterer.
344 3354 385 3420 ad
411 3357 490 3420 haec
515 3378 577 3442 quo
601 3359 726 3422 facilius
751 3359 833 3422 mihi
856 3359 1049 3442 ignosceres,
1077 3361 1177 3424 sicubi
1200 3362 1254 3427 rel

143 3485 177 3547 in
195 3483 340 3551 versione
358 3483 413 3547 rel
430 3481 464 3544 in
482 3482 803 3550 animadversionibus
821 3485 1001 3550 humanitus
1017 3489 1124 3576 lapsus
1141 3509 1254 3570 essem,

144 3629 254 3674 omnes
285 3602 416 3672 omnino
446 3608 626 3674 occasiones
652 3609 735 3690 fugi,
767 3631 848 3696 quae
873 3612 998 3675 oblatae
1022 3612 1104 3676 mihi
1128 3615 1255 3678 fuerunt

143 3728 186 3796 ad
217 3729 493 3798 contradicendum
522 3733 563 3799 iis
595 3732 649 3819 qui
680 3745 751 3798 ante
777 3756 831 3800 me
855 3733 975 3822 aliquid
1003 3734 1118 3802 Codini
1143 3737 1253 3801 edide-

144 3867 214 3920 runt
245 3860 300 3924 rel
332 3879 423 3923 secus
456 3877 551 3944 quam
581 3857 745 3946 oportebat
770 3858 1009 3942 intellexerunt3
1044 3873 1076 3925 et
1100 3859 1253 3947 siquando

145 3983 328 4046 necessitate
362 3995 486 4047 coactus
517 3983 566 4046 fui
597 4003 706 4046 eorum
737 4003 855 4048 errores
881 3983 1040 4067 detegere,
1072 3995 1191 4048 tantam
1216 4005 1254 4048 ea

146 4101 179 4166 iu
201 4127 236 4169 re
262 4104 393 4170 adhibui
417 4105 667 4172 moderationem
691 4120 726 4171 ut
752 4121 857 4172 contra
880 4128 959 4196 quos
983 4110 1114 4172 scribam
1140 4083 1254 4172 obscu-

146 4247 214 4294 rum
241 4231 299 4310 sit,
333 4230 537 4296 manifestum
564 4252 657 4312 rero,
690 4252 743 4297 me
769 4254 834 4298 non
859 4253 898 4298 eo
923 4233 986 4299 hoc
1011 4232 1126 4295 fecisse
1151 4243 1187 4294 ut
1211 4249 1253 4295 ex
