2808 4616
531 209 591 278 DE
615 207 651 278 S.
676 209 858 280 somus
1166 211 1242 288 lad

133 403 252 494 πάτραν
272 399 333 470 dod
349 402 405 470 τοῦ
419 397 642 486 θυσιαστηρίου
659 396 717 478 ἕως
731 403 788 484 τῆς
802 393 887 468 κάτω
904 396 1036 485 όψΐδος,
1061 404 1115 468 καλ
1131 402 1243 489 ἔθεμε-

133 512 244 577 aloen
267 508 331 574 ἐκεῖ
349 500 492 592 μόρωθεν
507 503 548 570 τό
562 503 694 587 θεμέλια
709 510 766 572 τοῦ
781 501 917 591 μεγάλου
933 503 1101 592 τροόλλον·
1128 507 1189 576 dut
1208 511 1242 578 dd

132 620 191 684 τοῦ
212 608 352 697 βήματος
373 607 464 696 μέχρι
488 613 546 674 τοῦ
568 605 627 686 ἔξω
650 605 808 698 νάρθηκος
831 600 899 693 εὗρε
921 605 1015 676 τόπον
1039 606 1164 697 ἆλσιόδη
1188 615 1242 682 καὶ

130 724 261 800 χρόνον,
290 716 343 781 καὶ
377 713 588 795 δθεμελόιοσεν.
639 710 811 800 ἀρξαμένου
846 715 880 780 δὲ
913 719 970 783 τοῦ
1004 718 1242 799 θεμελισδσθαι,

104 814 417 908 όπρσσκολιοάμενος
437 813 590 900 Εάτόχιον
613 815 667 882 τὸν
690 814 881 906 πατριάρχην
904 817 1041 901 ἐποίησεν
1063 817 1154 903 εὐχὴν
1171 824 1242 908 περδ

130 921 306 1002 συστάσεως
322 921 492 1006 δκκλησόσς.
544 917 560 986 ό
581 921 616 986 δὲ
633 921 779 1004 βασιλεὺς
795 923 920 1000 οἰκείαις
927 923 1016 1010 χερσὶ
1028 922 1133 1005 λαβὼν
1145 922 1241 1008 δι’σβε-

128 1051 201 1098 στσν
226 1027 305 1111 μετὰ
322 1022 483 1112 όστράκου
510 1021 617 1107 ἔβαλεν
639 1028 682 1102 εἰς
699 1024 753 1092 τόν
768 1025 914 1110 θεμέλιον
929 1025 990 1114 πρό
1006 1022 1139 1092 πάντων.
1189 1031 1241 1094 καὶ

128 1129 226 1200 imaue
249 1129 303 1196 τόν
325 1127 411 1215 δόμον
430 1123 571 1214 Ἰωάννην
587 1128 642 1196 τόν
659 1127 733 1196 όντα
750 1133 792 1208 εἲς
808 1131 844 1196 sd
861 1127 1057 1218 ιδρολογεῖον,
1082 1129 1136 1196 τδν
1152 1128 1240 1216 λεγό-

127 1243 218 1318 μενον
242 1239 456 1320 βαπτιστῆρα,
481 1235 532 1298 καὶ
560 1232 601 1298 sd
625 1231 836 1318 πλησιάσαντα
858 1241 916 1302 τοῦ
939 1235 1164 1322 Μετατοιρίου,
1186 1236 1240 1302 ἵνα

78 1351 121 1408 lu
129 1342 223 1406 ἐκεῖσε
247 1337 409 1426 παραμένῃ
432 1335 510 1419 μετὰ
534 1341 596 1402 τῶν
613 1335 769 1422 ἀρχόντων
785 1337 883 1404 adseri
899 1341 949 1404 καὶ
967 1335 1114 1414 πολλάκις
1129 1339 1239 1426 ἐσθίῃ·

127 1445 160 1508 δν
187 1435 213 1531 ᾧ
239 1445 291 1508 καὶ
319 1441 359 1508 sd
385 1438 551 1524 διαβατικδ
577 1438 735 1506 σκοπαστδι
756 1447 811 1506 τοῦ
834 1440 985 1507 παλστίου
1009 1441 1163 1526 ἐποίησεν,
1187 1447 1240 1510 ἵνα
1256 1452 1278 1508 Ρ
1295 1449 1330 1510 67

127 1546 285 1633 διέρχηται
310 1541 417 1623 ὁσάκις
433 1542 471 1610 δν
489 1544 592 1630 ἐθέλῃ.
644 1539 781 1631 ὑπῆρχον
800 1543 835 1610 dd
849 1547 1014 1631 μα’όστορες
1030 1543 1084 1610 τδν
1102 1543 1244 1630 ἀριθμόν

126 1647 255 1730 ἔνατόν,
280 1647 397 1734 ἔχοντες
412 1647 473 1714 eisd
490 1645 600 1714 ἑκατόν
615 1649 762 1731 μισθόους
778 1651 1053 1738 προοχειριαρίονς.
1104 1643 1185 1731 ὁμοῦ
1209 1650 1240 1716 οἳ

124 1750 290 1836 κάμνοντες
311 1749 450 1838 χιλιάδες
476 1753 561 1818 δέκα.
612 1755 663 1818 καὶ
689 1752 722 1818 οἳ
748 1741 804 1835 μὲν
827 1753 912 1820 πέντε
931 1749 1069 1836 χιλιάδες
1085 1751 1120 1816 sd
1139 1753 1238 1831 δεξιόν

76 1874 117 1932 15
124 1858 218 1943 μέρος
240 1857 392 1942 ἤρξαντο,
419 1857 452 1922 ci
476 1857 510 1921 δδ
532 1855 621 1922 πέντε
643 1855 677 1921 sd
700 1852 865 1938 εὐώνυμον.
917 1852 975 1938 εἶχε
996 1857 1030 1922 δὲ
1047 1853 1159 1932 adroic
1176 1855 1239 1942 ἴρις

124 1964 179 2026 καὶ
201 1960 300 2043 πολλὴ
324 1960 444 2042 σπουδὴ
470 1962 513 2036 εἷς
535 1959 571 2026 sd
595 1959 712 2042 ταχέως
735 1962 903 2040 κτίζεσθαι.
954 1959 989 2026 τὸ
1010 1959 1042 2024 δὲ
1060 1965 1164 2042 σχῆμα
1181 1965 1239 2026 τοῦ

124 2071 201 2128 ναοῦ
229 2062 355 2147 lippulos
379 2063 451 2128 κατ’
481 2061 557 2149 όνσρ
584 2060 720 2140 ὑπέδειξε
743 2070 788 2152 τῷ
808 2069 939 2146 βασιλεῖ.
989 2055 1028 2148 ἦν
1045 2062 1080 2128 δὲ
1095 2067 1237 2151 μα’όστιορ

125 2161 170 2243 εἷς
194 2167 363 2249 μηχανικός
386 2169 438 2232 καὶ
461 2171 577 2250 πολλῆς
592 2163 731 2252 ηνάσεοις
746 2169 845 2254 γέμων
863 2171 905 2246 εἰς
922 2166 958 2232 τό
976 2167 1127 2252 ἀνεγεῖραι
1143 2167 1238 2244 ναοός

123 2269 321 2354 ἐπιτηδείους.
372 2267 393 2352 ἡ
422 2270 456 2336 δὲ
480 2269 578 2357 κριθὴ
600 2271 709 2336 ‘abraso
731 2269 891 2354 βράζουσα
909 2266 1126 2350 εἰςκσκάβους
1142 2270 1273 2353 κόμα-Β

75 2372 242 2459 stupidam,
266 2376 317 2438 aori
341 2373 394 2438 τόν
418 2373 520 2455 ζωμόν
543 2371 638 2455 αὐτῆς
662 2373 801 2457 ὶμόγνυον
826 2373 906 2457 μετά
929 2379 986 2439 τοῦ
1008 2372 1159 2454 ἀσβέστου
1184 2377 1237 2440 καλ

120 2483 177 2546 τοῦ
210 2475 374 2565 ὀστράκου.
426 2476 494 2542 ἀντὶ
524 2476 557 2542 δὲ
580 2473 696 2554 ὕδατος
720 2476 826 2555 αὐτοῖς
850 2473 1027 2564 όπῆρχενό
1056 2476 1156 2561 ζιομδς
1180 2483 1236 2562 τῆς

190 2675 209 2728 3
225 2665 479 2739 ἆλσάδηΗλυάδη
495 2668 590 2724 uamb.
708 2671 726 2729 ⁷
744 2668 806 2740 κοιλ]
824 2665 879 2739 πρό
897 2665 929 2724 al
948 2671 1001 2724 τοῦ
1018 2663 1157 2740 ἄρχεσθαι
1173 2674 1232 2728 κτί-

191 2741 248 2804 ζειν
275 2725 362 2793 adeda
384 2732 436 2791 τδν
459 2733 532 2790 ναόν
557 2733 664 2793 ἔκτισεν
686 2737 834 2808 εὐκτήριον
855 2740 907 2792 τοῦ
927 2735 1010 2808 άηίοσ
1033 2737 1159 2794 διοάννοσ
1180 2743 1234 2796 τοῦ

192 2806 341 2878 λεγομένου
369 2801 549 2928 προδρόμου,
577 2809 695 2878 πλησίου
720 2809 773 2864 τοῦ
799 2805 967 2879 άρσλορόσυ,
996 2803 1100 2876 δμοίως
1124 2806 1174 2864 καλ
1197 2805 1230 2866 τό

190 2875 377 2947 μετατάριον,
404 2893 442 2928 να
461 2876 520 2929 cod.
537 2875 633 2932 Lamb.

119 3051 179 3106 dero
203 3049 237 3102 ab
257 3047 339 3102 alteri
356 3065 440 3118 usque
458 3048 492 3102 ad
509 3047 664 3102 inferiorem
681 3063 786 3116 areum,
812 3049 841 3100 et
857 3045 955 3100 circum
971 3047 1044 3102 illum
1060 3047 1231 3106 fundamenta

117 3119 187 3174 iecit
204 3117 305 3189 apsidis
321 3118 431 3172 maioris
448 3117 507 3171 aive
522 3119 599 3172 trulli
616 3119 713 3188 magni.
748 3136 764 3172 a
781 3122 906 3186 suggesto
925 3133 986 3170 vero
1004 3134 1088 3188 usque
1104 3119 1139 3172 ad
1154 3127 1231 3174 exte—

118 3189 215 3244 riorem
239 3187 390 3242 nmtbecem
409 3188 490 3241 solum
508 3189 625 3257 palustre
642 3197 670 3240 et
687 3189 826 3257 fungosum
844 3187 957 3240 invenit.
991 3203 1049 3240 cum
1067 3195 1154 3242 eutem
1170 3191 1231 3244 fun·

118 3259 242 3312 (lamenta
265 3275 365 3326 ponere
387 3258 537 3324 ordiretur,
561 3257 695 3325 Eutychio
712 3257 864 3327 patriarcha
881 3257 1010 3310 accersito
1028 3275 1077 3330 pro
1093 3265 1231 3316 structura

118 3327 248 3382 ecclesiae
273 3334 397 3397 precatus
421 3334 472 3380 est.
507 3334 602 3397 postea
626 3327 769 3397 imperator
793 3327 891 3396 primus
916 3326 1030 3380 omnium
1050 3327 1145 3382 calcem
1172 3347 1232 3384 oum

117 3404 190 3452 testa
222 3397 355 3467 accipiens
384 3397 548 3450 fundamenti
577 3397 680 3450 initium
708 3397 808 3468 posuit.
842 3396 959 3448 condidit
982 3397 1062 3450 etiam
1086 3399 1231 3454 oratorium

118 3467 151 3520 S.
174 3465 296 3534 Ioannis,
321 3467 399 3519 iuxta
422 3465 601 3535 horologium,
625 3467 808 3534 baptisterium
825 3467 906 3534 vulgo
923 3466 1038 3534 dictum,
1064 3472 1093 3520 et
1110 3467 1231 3524 aedificia

118 3535 208 3592 vicina
231 3535 390 3603 Metatorii‚
414 3541 445 3590 ut
467 3536 504 3588 ibi
529 3535 641 3590 subinde
664 3553 721 3590 cum
738 3535 892 3607 proceribus
908 3535 964 3588 suis
981 3544 1185 3592 commoraretur
1201 3545 1231 3593 et

118 3607 206 3660 cibum
234 3611 358 3659 sumeret.
399 3604 460 3659 inde
487 3607 565 3660 etiam
589 3623 674 3674 usque
698 3606 727 3658 in
750 3603 875 3676 palatium
898 3605 1027 3675 porticum
1050 3607 1230 3667 transitoriam

117 3679 216 3729 tectam
239 3677 322 3744 fecit,
346 3680 378 3728 ut
395 3675 500 3745 quoties
516 3676 596 3730 vellet
612 3693 643 3728 eo
661 3675 811 3728 accederet.
848 3685 925 3727 erant
940 3682 1027 3730 autem
1044 3677 1164 3744 magistri
1181 3693 1230 3731 nu-

117 3761 189 3798 mero
214 3753 334 3813 centum,
361 3751 486 3800 centenos
509 3744 606 3814 singuli
629 3745 778 3800 manuarios
801 3743 909 3812 opifices
932 3746 1108 3800 mercenarios
1129 3747 1179 3800 sub
1198 3761 1228 3798 se

116 3813 261 3883 habentes,
283 3815 321 3870 ita
338 3821 369 3868 ut
384 3831 482 3870 mmma
499 3817 589 3868 decem
609 3815 680 3868 milia
696 3813 876 3884 operariorum
892 3819 996 3878 essent3
1023 3832 1133 3884 quarum
1150 3813 1229 3884 quiu-

116 3900 170 3954 que
191 3885 264 3938 milia
287 3903 304 3938 a
325 3885 449 3950 dextera,
473 3885 591 3954 quinque
609 3903 626 3938 a
642 3883 753 3938 sinistra
768 3889 845 3968 parte
862 3900 927 3954 opus
944 3891 1099 3953 coeperunt.
1133 3899 1227 3951 magno

118 3963 207 4008 autem
229 3954 318 4008 studio
336 3955 531 4008 contendebant
547 3961 670 4025 utquam
687 3953 823 4008 celerrime
840 3970 906 4022 opus
923 3954 1101 4008 absolverent.
1136 3957 1228 4004 eaete-

116 4037 176 4076 rum
200 4024 293 4092 templi
314 4026 424 4078 formam
449 4025 559 4094 augelus
580 4041 630 4094 per
654 4024 780 4078 somnium
796 4024 950 4093 imperatori
967 4025 1001 4078 ob
1020 4024 1109 4076 oculos
1126 4021 1226 4091 posuit.

115 4097 179 4146 erat
202 4099 290 4148 autem
311 4095 475 4149 machinator
489 4094 597 4164 quidam
615 4110 730 4148 summae
746 4091 861 4178 peritiae
880 4093 909 4146 iu
924 4092 1090 4147 exstruendis
1110 4091 1226 4161 templis.

113 4163 227 4216 stabant
249 4161 328 4216 etiam
352 4164 445 4218 cacabi
466 4165 553 4236 magni
577 4163 669 4218 hordei
691 4163 841 4231 bullantis,
866 4164 941 4220 cuius
963 4163 1091 4244 liquorem
1108 4160 1180 4213 calce
1196 4167 1227 4216 et

112 4237 187 4290 tuto
203 4229 364 4290 miscebautr
379 4233 467 4305 liquor
484 4239 571 4292 autem
587 4235 634 4292 ille
647 4233 743 4300 bordei
758 4234 865 4306 tepidus
882 4248 968 4302 aquae
980 4244 1063 4282 vroem
1074 4229 1224 4302 supplebat.
