2814 4608
468 233 525 300 An
552 229 751 300 conntUM
773 230 927 301 NOTAE.
1098 240 1101 246 '
1170 239 1246 311 229

232 435 264 496 p.
255 414 324 480 ,22
338 433 369 472 v.
386 409 416 474 4
458 413 634 516 κοντομέτης
654 409 713 473 hoc
734 413 802 474 loco
826 434 994 494 cognomen
1016 427 1062 478 est
1083 439 1123 478 ex
1144 419 1245 482 brevi·

146 511 209 561 tate
225 503 292 560 nasi
309 499 515 578 desumptum:
543 493 651 572 κόνιος
672 499 754 558 enim
770 500 906 559 Graeco·
912 501 1036 560 barbare
1051 505 1150 566 brevis
1167 507 1245 568 dici-

146 597 212 664 tur,
244 597 275 646 et
297 585 366 666 μίση
388 585 439 643 vel
460 584 546 665 μένας
567 603 670 643 mans.
714 583 822 644 eodem
842 584 932 647 modo
955 587 1047 666 igitur
1069 593 1245 675 κοντομίτης

146 673 344 752 compositum
366 679 468 729 estut
488 667 700 751 κουτοσκέλιρς,
724 669 915 755 κοντοχέρης,
936 672 1116 756 κοντυλέυν,
1137 701 1244 744 κοντο-

144 757 299 838 στέφανος.
341 757 445 814 nius.

226 864 257 924 p.
274 844 317 906 22
332 842 402 902 eo
403 886 411 902 .
381 838 489 903 6ολ
507 835 541 903 δὲ
560 844 639 920 τρεῖς
657 839 710 918 π.]
732 839 865 901 Zonaras
881 853 1015 902 recenset
1031 844 1122 904 etiam
1136 843 1243 928 hospi-

143 929 203 987 tale
230 929 267 988 ab
295 925 354 985 hoc
380 925 501 986 Eubnlo
527 935 730 1004 exstructum,
757 924 839 1009 quod
862 929 917 988 sub
942 931 1106 992 Iustiniano
1130 935 1243 994 confla-

141 1013 247 1093 gravit.
290 1014 412 1072 Menas.

226 1119 257 1180 Ρ.
274 1098 318 1162 22
333 1115 363 1156 ι.
381 1098 412 1160 8.
453 1096 516 1158 τοῖν
541 1096 688 1178 χερσαίων
713 1095 837 1178 τειχῶν]
870 1093 905 1156 hi
930 1098 1122 1160 conciderunt
1146 1111 1242 1164 terrae

140 1195 227 1246 motu
243 1184 298 1244 sub
314 1185 431 1255 Leone,
455 1190 491 1240 ut
505 1190 631 1240 testatur
644 1184 806 1244 Diaconos.
848 1185 971 1244 Mrues.
1194 1198 1196 1207 ¹

224 1292 256 1350 Ρ.
247 1271 315 1332 2.2
331 1287 362 1326 v.
379 1269 410 1329 9.
451 1269 515 1330 τοῖν
541 1263 719 1350 poyyoivoov]
755 1271 904 1348 Mangena
929 1271 1014 1330 locus
1039 1280 1103 1330 erat
1125 1272 1240 1332 instru-

138 1359 250 1415 mentis
278 1353 397 1412 bellicis
424 1360 455 1410 et
479 1355 612 1411 materiis
639 1351 822 1413 mechanicis
849 1354 1035 1414 asservandis
1063 1353 1238 1436 destinatus,

140 1441 178 1500 de
195 1461 255 1525 quo
271 1439 409 1518 pluribus
425 1437 569 1518 agiturp·
586 1434 628 1502 74
649 1458 678 1500 v.
697 1438 737 1502 15
754 1458 822 1520 sqq.
864 1441 967 1498 Lnntn.

222 1547 255 1606 p.
246 1527 314 1587 .22
329 1544 360 1585 v.
378 1525 430 1587 10.
472 1520 525 1586 καὶ
546 1525 608 1585 τοῖν
631 1516 803 1605 Ειῖγινέον]
827 1523 974 1604 interpres
998 1525 1087 1584 vertit
1109 1523 1149 1583 ab
1171 1527 1238 1634 Erp-

135 1614 236 1715 genio.
282 1608 433 1670 debuisset
459 1627 481 1667 a
504 1610 601 1688 portis
624 1608 768 1688 Eugenii.
812 1629 884 1668 nam
905 1611 1017 1689 plurali
1038 1629 1163 1670 numero
1186 1608 1239 1686 τοίς
1289 1621 1291 1626 “

136 1691 235 1770 πύλας
266 1695 371 1754 efferre
397 1695 519 1754 Graecis
544 1714 607 1753 non
632 1695 882 1756 insulensem
907 1716 978 1755 vero
1001 1705 1087 1774 porta
1109 1699 1239 1776 Eugenii

135 1803 229 1888 prope
246 1801 354 1842 arcem.
396 1782 463 1859 ipse
478 1777 529 1839 hic
546 1790 649 1839 auctor
663 1781 717 1838 lib.
730 1779 768 1838 de
779 1781 864 1840 offic.
876 1782 962 1839 aulae
974 1782 1038 1840 GP.
1059 1785 1239 1883 προϋπαντρῖ

136 1862 215 1954 αὐτῇ
236 1862 354 1947 el3rr1'v
374 1870 430 1928 τοῦ
451 1859 603 1947 Εὐμενίσι
624 1859 725 1945 πύλην
747 1859 921 1945 έφιππυς
894 1889 939 1928 οιν
955 1890 972 1930 o
962 1861 1137 1948 ’βασιλεύρ
1180 1887 1237 1928 ex-

135 1964 194 2014 stat
209 1955 243 2012 in
258 1951 337 2014 hanc
354 1952 538 2056 epigramma
553 1949 635 2011 istud
651 1949 811 2029 Antholog.
827 1953 848 2014 l.
865 1948 900 2014 4·

299 2031 388 2110 οὗτος
405 2029 562 2110 Ἰουλιανός
581 2031 715 2100 λαοσσόον
734 2036 831 2116 τείχεα
850 2031 959 2142 πήξας,

341 2125 431 2201 στῆσε
450 2115 594 2227 τρόπαιον
614 2120 668 2202 ἕῆς
687 2116 840 2230 σύμβολον
861 2116 1039 2204 οἶγρυπνέης,

298 2203 383 2312 σφάζ
382 2229 427 2268 ειν
447 2200 601 2309 σῖντιβίους
621 2203 765 2310 ἕχθρους
770 2201 946 2270 α’παυευθι
949 2228 1109 2287 μενοινοιν,

337 2316 359 2372 η
346 2285 573 2374 “προποὶροιθε
589 2297 709 2393 κροτεῖν
724 2294 780 2370 τῆς
795 2289 910 2366 πόλεως
925 2290 1083 2373 πολέμους.
1112 2289 1234 2350 Mnnns.

131 2459 180 2520 ..ι
159 2375 621 2542 ιλιλλλλλλλλλλλς
636 2371 1102 2522 {illailllffilssltl
1121 2377 1235 2435 n...

127 2641 188 2692 ι...
211 2549 348 2692 tilii·
361 2543 1041 2714 λλἰλλλλλλλλλλέλλλλλλλῖ
1050 2545 1233 2712 illidi..

129 2727 230 2774 autem
250 2718 284 2773 in
304 2718 420 2774 vivario
441 2715 615 2786 decollavit,
644 2725 673 2772 et
692 2715 784 2774 liuius
803 2727 896 2795 caput
914 2720 948 2779 ἰπ
968 2717 1060 2778 Milio
1078 2717 1233 2794 suspendit

128 2799 234 2860 diebus
256 2799 361 2864 tribuo.
402 2801 525 2860 MntntS.

212 2905 244 2966 Ρ.
236 2887 303 2947 .22
318 2905 350 2944 ι.
368 2883 418 2947 13.
459 2889 517 2950 τοῦ
542 2879 678 2964 Ταύρου]
705 2881 757 2942 hic
780 2881 987 2966 nymphaeum
1010 2885 1083 2958 fuit,
1110 2893 1231 2942 exstru-

129 2971 291 3030 ctumsub
315 2971 443 3032 Valente
467 2989 486 3029 a
507 2971 658 3050 praefecto
681 2971 775 3028 urbis.
821 2970 953 3030 Zonaras
970 2969 1131 3030 Annei&
1159 2965 1232 3032 ott

127 3061 183 3138 τῆς
211 3051 323 3132 πόλεως
352 3054 478 3139 ἔπαρχος
504 3061 659 3135 νυμφαῖον
686 3055 720 3119 έν
745 3059 789 3140 roi
814 3053 987 3140 καλουμένῳ
1014 3050 1116 3139 ταύρῳ
1141 3075 1230 3118 κατε-

129 3137 277 3205 σκευάκει.
321 3151 410 3223 atque
439 3139 498 3200 hoo
525 3140 665 3200 incendio
686 3142 777 3222 periit
796 3142 852 3201 sub
872 3143 974 3200 Leone
993 3159 1120 3219 magno,
1150 3159 1229 3198 anno

126 3229 246 3308 imperii
267 3229 383 3308 quinto.
426 3229 511 3286 testis
529 3225 693 3286 (ledrensis.
735 3226 838 3285 forum
858 3246 978 3308 quoque
997 3229 1134 3284 iunctum
1155 3236 1228 3284 erat.

125 3315 306 3392 Evagrius2
336 3314 393 3376 13:
422 3335 483 3376 απο
498 3335 553 3375 του
541 3312 802 3375 'Kovccovclvoc
816 3305 1172 3396 προσαγορευομένου
1127 3334 1228 3396 φορου

125 3398 211 3483 μέχρι
230 3402 287 3479 τῆς
306 3421 362 3461 του
383 3395 497 3482 corloon
517 3391 744 3478 uclovpivm'
723 3419 844 3480 αγορας.
887 3400 1008 3458 Menas.

207 3505 239 3564 Ρ.
260 3486 303 3547 22
322 3503 353 3544 v.
374 3483 426 3546 13.
467 3505 521 3546 του
508 3479 637 3563 Boo3]
658 3480 740 3542 unde
761 3485 828 3544 loco
849 3503 961 3544 nomen
981 3479 1072 3542 tradit
1092 3479 1225 3542 Zonaras

125 3573 158 3626 in
189 3568 309 3629 Phooa:
328 3592 377 3672 'so
410 3565 444 3633 δὲ
475 3562 627 3648 δυστηνον
658 3571 746 3650 σῶμα
773 3574 931 3650 καυθῆναι
956 3564 1032 3632 acroi
1059 3564 1109 3631 τὸν
1136 3570 1223 3649 βοῦν,

125 3647 253 3717 ενθα
230 3678 272 3736 ην
297 3650 426 3758 κάμινος
451 3677 493 3728 ους
515 3653 634 3758 λέγεται
645 3653 679 3717 ἐκ
698 3657 811 3758 χαλκρῦ
828 3651 1098 3762 κατεσκευασμένη,
1125 3656 1224 3754 σχῆμα

124 3736 198 3844 βοός
221 3739 345 3821 ἔχουσα,
374 3735 452 3822 ἥπερ
473 3738 507 3802 έκ
531 3733 694 3824 Περγαμου
714 3733 891 3820 κεκόμιστο,
919 3733 993 3815 ἐξ
970 3765 1009 3822 ης
1029 3736 1114 3801 καὶ
1099 3734 1223 3810 υτόπυς

123 3819 290 3930 ρι’νὸμαστο.
333 3827 397 3886 eius
428 3825 577 3885 vestibula
603 3825 824 3906 conflagrarunt
850 3826 906 3886 sub
933 3827 1110 3900 lastiniam,
1143 3839 1222 3880 anno

122 3913 243 3992 imperii
263 3914 328 3972 eius
347 3911 401 3976 35.
442 3913 567 3972 Maurae.

206 4015 238 4076 Ρ.
259 3999 301 4060 22
319 4019 348 4058 v
369 3997 419 4061 13.
461 4021 516 4062 του
503 3995 720 4075 ”έξακιουλου]
741 3996 815 4056 itam
831 3989 970 4055 infrat’
948 3991 1010 4062 απὸ
1029 4017 1083 4056 του
1072 3990 1221 4066 ἐξακου-

122 4080 194 4143 νέου
226 4079 309 4162 μέχρι
338 4083 470 4162 χρυσέας.
511 4093 615 4142 tamen
646 4081 727 4164 apud
758 4081 926 4142 (ledrenum
957 4072 1132 4156 έξοικιόνιον
1162 4076 1218 4150 bis,

121 4163 204 4246 apud
218 4168 378 4224 Nicetam
369 4187 402 4226 sn
416 4169 526 4228 Alexio
542 4172 622 4228 Man.
638 4170 670 4231 F
686 4171 806 4228 semel
796 4169 940 4233 snvenies.
983 4175 1012 4222 et
1032 4161 1220 4242 ἒξωκιονέτης

121 4247 302 4313 monachus:
325 4256 488 4313 eratenim
507 4256 741 4332 monasterium,
758 4265 792 4315 ut
812 4273 852 4314 ex
869 4255 936 4332 ipso
955 4248 1106 4352 discimus.
1146 4259 1220 4328 puto
