2814 4608
373 159 636 231 unsenrrrlo
662 139 891 230 ucunnsnu
917 165 1074 231 novar.
1205 166 1278 238 τοο

161 355 253 430 ξασα.
305 347 503 438 Δημόκριτος
517 343 599 416 εἶπεν
615 345 654 414 δίν
661 395 672 428 ,
698 343 784 432 οἶμαι
792 395 803 428 ,
828 347 884 434 τὴν
901 356 956 417 τοῦ
974 346 1111 439 ἐδάφους
1127 358 1286 445 λεπτουρ-Ι

161 456 231 543 γίαν
255 449 380 534 δοιδιόν,
403 454 454 520 καὶ
477 449 573 540 ταότη
589 453 743 543 τεκμηρίῳ
755 447 915 540 χριόμενος
920 497 931 534 ,
956 453 1001 539 μὴ
1019 452 1056 522 ῶν
1073 453 1178 547 πόρρω
1196 457 1311 528 eiusab*

162 557 199 626 τδ
231 556 276 642 μὴ
307 557 374 642 olgi
406 559 458 623 καὶ
484 555 542 634 τδς
566 553 702 640 ἀτόμους
726 554 823 624 αὐτοῦ
847 559 899 624 καὶ
922 553 978 624 in'
1005 556 1080 644 όφιν
1104 561 1272 644 πιπτοόσας

76 676 78 681 ’
164 661 369 749 όνευρῆσθαι·
395 658 477 732 οὕτω
509 656 610 728 πάντα
640 657 834 749 πεπλήρωται
861 658 1036 746 θαύματος.
1087 661 1131 730 ἑνὶ
1157 667 1194 734 δέ
1216 681 1282 751 μοι’

136 768 251 840 sionei
266 761 361 848 μόνον
385 761 402 830 δ
427 769 484 832 τοῦ
505 763 647 850 τεμένους
672 763 854 851 ἀρχιτέκτων
880 767 1134 856 διημαρτηκέναι,
1166 768 1269 860 ὅτιπερ

163 873 206 947 εἷς
229 867 282 934 ἕνα
305 871 358 936 καὶ
379 867 433 936 τόν
451 865 547 936 αότδν
559 873 664 958 χῶραν
681 864 748 952 ἅμα
763 865 865 936 πάντα
880 871 1027 950 συλλέξας
1042 871 1082 938 tol
1098 870 1194 960 κάλλη
1212 876 1268 942 οὐκ

161 973 198 1065 {pi
220 970 274 1040 τόν
295 970 414 1058 θεατὴν
437 977 587 1062 καθαρῶς
605 974 798 1061 ἐκτρυφῆσαι
814 979 871 1040 soti
886 971 1061 1060 θεάματος,
1085 975 1187 1044 ἄλλων
1209 978 1265 1044 ἀπ’

161 1075 263 1142 ἄλλων
287 1073 474 1166 δφελκόντων
497 1101 531 1142 τε
556 1077 607 1141 καὶ
630 1074 854 1160 μετασπῶντων
872 1078 985 1166 καὶμὴ
1004 1079 1268 1172 παραχωρούντων

160 1178 234 1248 ὅσον
249 1206 296 1258 τις
313 1179 413 1246 ἐθέλει
429 1185 486 1246 rosi
501 1176 657 1267 δρωμένου
673 1181 886 1270 κορέννυσθαι.
1227 1201 1229 1206 ’

116 1300 154 1356 10
255 1281 298 1350 Ὅ
324 1283 360 1349 δέ
380 1309 420 1368 με
440 1281 620 1372 παρέδραμε
642 1285 694 1350 καὶ
717 1291 837 1372 πρῶτον
854 1284 989 1373 ῥηθῆναι
1005 1282 1065 1350 ἴδει
1091 1283 1190 1370 (ἀλλά
1207 1285 1267 1376 γδρ
1283 1287 1306 1343 Ρ
1323 1287 1376 1343 120

159 1387 230 1457 οὐδ’
257 1389 290 1453 ἐν
312 1397 377 1466 τοῖς
399 1385 500 1474 λόγοις
523 1393 580 1454 τοῦ
601 1387 743 1472 τεμένους
765 1387 800 1454 τό
823 1395 935 1471 θαῦμα
952 1389 1076 1474 παρέχει
1091 1395 1137 1480 τῷ
1152 1389 1267 1475 λέγοντι

159 1495 308 1578 καθαρῶς
323 1491 358 1558 τό
375 1494 485 1559 οδκεῖον
500 1497 594 1558 τελεῖν
610 1488 731 1578 ἔργον),
750 1493 801 1556 καὶ
815 1491 852 1576 δὴ
865 1497 919 1557 νόν
933 1488 1092 1580 εἰρήσεται.
1136 1491 1186 1557 ἔπ’
1207 1494 1264 1566 αό-

158 1601 214 1678 τῆς
229 1595 288 1682 γὰρ
305 1601 360 1680 τῆς
376 1595 494 1686 ὀροφῆς
510 1595 701 1684 όνδρείκελος
719 1594 807 1662 εἰκῶν
821 1594 947 1686 μορφὴν
964 1597 1101 1684 φέρουσα
1114 1601 1169 1662 uoti
1180 1599 1263 1684 Χρι-

157 1703 232 1764 στοῦ
257 1700 447 1767 πολυανθέσι
467 1709 603 1788 ψηφῖσιν
619 1699 834 1788 ἐγγέγραπται·
860 1699 955 1776 εἶ’ποις
971 1698 1009 1764 δν
1027 1699 1120 1766 αὐτόν
1136 1699 1191 1782 τὴν
1206 1705 1263 1786 γῆν

114 1821 150 1876 15
158 1802 274 1890 ἐφορῶν
297 1805 349 1870 καὶ
371 1802 426 1888 τὴν
448 1805 517 1892 περὶ
538 1799 652 1888 ταύτης
668 1807 859 1870 διανοεῖσθαι
876 1799 1075 1888 διακόσμηοίν
1092 1829 1124 1870 τε
1141 1806 1192 1868 καὶ
1207 1829 1263 1870 κυ-

154 1907 313 1993 βέρνησιν·
340 1903 438 1984 οὕτως
460 1906 596 1994 ἀκριβῶς
619 1904 636 1972 ὃ
660 1905 797 1996 γραφεδς
818 1910 869 1972 καί
892 1915 956 1984 τοῖς
977 1904 1114 1992 σχήμασι
1131 1908 1262 1984 καὶτοῖς

151 2007 297 2097 χρώμασι
320 2010 376 2094 τὴν
395 2016 451 2076 τοῦ
467 2013 657 2098 δημιουργοῦ
672 2013 741 2098 περὶ
756 2008 840 2096 ἡμᾶς
856 2012 1037 2094 κηδεμονίαν
1053 2011 1195 2088 ἐπίπνους
1209 2009 1260 2096 γε’·
1276 2015 1299 2070 Β

154 2137 239 2198 γοοεν
259 2110 506 2182 έντυπιόσασθαι.
557 2123 621 2192 τοῖς
637 2115 672 2180 δὲ
688 2116 755 2202 περὶ
773 2113 851 2201 αὐτῇ
866 2120 904 2202 τῇ
921 2113 1022 2203 ὀροφῇ
1038 2120 1094 2180 τοῦ
1109 2111 1261 2200 ἡμισφαι-

155 2217 222 2303 ρίου
238 2215 394 2302 σμήμασιν
409 2216 563 2304 ἐγκόκλοις
579 2217 702 2302 πληθὺς
718 2216 850 2304 ἀγγέλων
862 2223 906 2306 τῷ
918 2223 1010 2308 κοινῷ
1022 2214 1153 2304 δεσπότῃ
1167 2219 1260 2305 δορυ-

109 2326 321 2408 λθφοροόντες
338 2318 618 2409 διαμεμόρφωνται.
667 2317 688 2404 ἦ
707 2321 740 2386 δ’
760 2319 820 2386 ἇπδ
837 2327 893 2386 τοῦ
907 2320 1132 2408 θυσιαστηρίου
1145 2319 1259 2407 όινεγει-

152 2423 264 2511 ρομέοη
294 2421 371 2509 όηυίς
401 2432 441 2514 τῇ
469 2429 578 2512 μορφῇ
608 2428 663 2508 τῆς
694 2423 853 2513 παρθένου
879 2420 1171 2514 περιαστρότιτεται,
1201 2421 1258 2502 τοὶς

150 2524 322 2616 δχρόνταυς
342 2537 449 2618 χεῖρας
472 2525 549 2616 όπδρ
572 2524 660 2612 ἡμῶν
683 2524 887 2612 ἐξαπλοόσης,
912 2531 963 2595 καὶ
986 2527 1196 2618 πραττομένης
1213 2531 1257 2618 τῷ

150 2637 276 2714 βασιλεῖ
300 2629 355 2714 τὴν
385 2631 539 2720 σωτηρίαν
567 2633 619 2694 καὶ
647 2631 688 2697 sd
717 2630 800 2698 κατ’.
822 2633 944 2720 ἐχθρῶν
975 2629 1255 2722 ἀνδραγαθήματα.

148 2731 243 2820 χορὸς
267 2733 300 2798 δὲ
322 2729 500 2800 ἀποστόλων
524 2735 574 2799 καὶ
598 2729 781 2824 μαρτύρων,
805 2737 855 2800 sol
878 2733 917 2820 δὴ
941 2737 991 2800 καὶ
1014 2741 1180 2826 προφητῶν
1202 2737 1294 2801 uate

149 3011 215 3050 vere
237 2993 315 3064 pueri
331 2994 512 3064 figmentorum
528 2995 645 3051 artifices
661 2993 810 3050 uideantur.
844 2993 1009 3050 Democritus
1026 3011 1104 3064 sene,
1131 2997 1162 3048 ut
1173 2997 1252 3062 puto,

150 3069 294 3136 conspecto
319 3063 389 3118 tanti
415 3063 522 3118 artificii
544 3066 708 3134 pavimento,
732 3081 826 3135 parum
850 3065 944 3120 abesse
967 3064 1081 3118 dixisset
1103 3064 1167 3136 quin
1189 3081 1252 3118 suas

149 3139 251 3190 atomos
273 3135 309 3188 ob
335 3134 425 3188 oeulos
448 3141 585 3186 versantes
604 3135 647 3188 bic
663 3134 886 3206 deprehenderem
910 3134 949 3188 sio
965 3141 1062 3188 eurota
1075 3135 1158 3256 plene
1174 3133 1253 3186 mire

149 3203 219 3259 onlo.
251 3203 280 3258 iu
302 3221 356 3259 auo
372 3208 461 3258 tamen
476 3219 601 3274 peccasse
618 3202 681 3258 mibi
697 3203 804 3258 videtur
820 3203 995 3274 metientes,
1021 3221 1073 3275 quo
1109 3203 1178 3258 omui
1194 3203 1252 3274 pul-

149 3273 306 3331 chritudinis
327 3290 426 3343 genere
447 3289 526 3326 unum
549 3273 578 3326 in
601 3273 685 3328 loeurn
707 3273 817 3330 oolleeto
834 3279 1007 3344 spectatorem
1023 3271 1146 3328 miraculo
1163 3289 1251 3328 rerum

149 3343 206 3398 frui
229 3359 281 3396 non
305 3344 390 3408 sinet,
419 3341 477 3398 eliis
504 3343 616 3398 subinde
639 3343 692 3396 ulio
717 3344 883 3400 trahentibus
907 3361 938 3398 ac
962 3343 1174 3415 pellicieutibus,
1202 3359 1251 3396 nee

149 3412 294 3468 sinentibus
310 3413 344 3468 ed
360 3411 464 3484 libitum
479 3411 519 3465 rei
534 3413 687 3483 spectaculo
703 3414 807 3470 setini.

251 3481 290 3537 At
310 3481 382 3553 quod
404 3499 446 3535 rue
467 3481 591 3552 fugiebat
611 3483 773 3553 primumque
794 3481 934 3539 dicendum
954 3483 1044 3538 fueret
1068 3481 1146 3548 (nem
1169 3479 1251 3534 edusi-

147 3553 245 3608 raudus
261 3551 354 3622 templi
370 3559 476 3606 ornatus
494 3557 626 3608 oratorem
643 3569 705 3609 suae
722 3553 832 3624 exsequi
847 3557 938 3622 partes
953 3569 1006 3606 nou
1024 3550 1123 3620 sinit),
1147 3549 1175 3603 id
1197 3551 1249 3602 inm

147 3621 268 3676 dicturus
289 3639 356 3676 sum.
390 3621 418 3674 in
440 3622 500 3693 ipsa
523 3639 634 3693 musque
655 3622 789 3694 superiori
802 3623 905 3676 fornice
920 3621 1005 3678 virilis
1021 3622 1122 3690 imago,
1147 3617 1250 3672 Christi

146 3693 257 3748 formam
273 3693 443 3762 praeferens,
464 3689 612 3762 lapillorum
627 3691 704 3748 vario
720 3692 788 3748 flore
804 3692 909 3762 depicta
924 3691 1040 3748 nitescit.
1074 3689 1173 3745 dixeris
1190 3704 1248 3741 eum

146 3768 245 3816 terrem
260 3761 405 3834 impluere,
423 3761 481 3816 eius
501 3778 533 3814 ue
551 3766 671 3822 ornatum
685 3779 719 3816 eo
734 3761 951 3832 gubernationem
966 3768 1053 3818 mente
1070 3760 1188 3830 agitare:
1209 3755 1247 3810 sie

146 3836 271 3886 neumate
294 3833 382 3903 pictor
404 3832 465 3904 ipso
483 3779 582 3886 (διόλου
605 3839 633 3888 et
656 3839 735 3916 gestu
756 3831 886 3886 oreatoris
901 3849 965 3901 erga
981 3848 1030 3886 nos
1045 3826 1246 3908 providentium²

146 3900 257 3954 afflante
278 3902 397 3971 numine,
420 3901 562 3972 expressit.
596 3901 625 3956 iu
646 3901 816 3958 annularibus
837 3901 920 3970 tboli,
944 3901 991 3972 qui
1014 3901 1042 3954 in
1062 3896 1246 3978 hemisphaern

145 3970 257 4024 formem
274 3971 402 4040 erigitur,
426 3971 587 4026 sectionibus
606 3971 757 4042 angelorum
773 3987 930 4027 communem
944 3971 981 4026 sti
1015 3970 1099 4024 utinm
1116 3967 1247 4020 dommum

147 4037 284 4092 multitudo
299 4041 463 4110 depingitur.
494 4041 567 4112 epsis
581 4059 645 4096 vero
662 4059 732 4112 quae
749 4041 782 4094 ab
802 4040 879 4094 elteri
892 4047 1022 4110 assurgit,
1037 4035 1151 4106 virginis
1162 4035 1245 4116 formu

146 4108 311 4178 resplendet,
337 4111 462 4181 expausis
484 4111 570 4166 nostri
590 4127 669 4166 ceusu
692 4111 856 4168 intemeratis
881 4111 1013 4175 manibus,
1039 4115 1071 4160 ut
1091 4107 1246 4174 imperatori

146 4177 255 4232 salutem
271 4183 300 4234 et
316 4179 441 4236 uictorias
458 4182 493 4238 de
508 4179 619 4236 inimicis
633 4183 730 4254 periet.
761 4181 856 4236 eborns
869 4179 1044 4252 apostolorum
1056 4179 1084 4228 et
1093 4177 1245 4243 martyram,
