2814 4608
177 243 252 316 γαρ
484 229 661 298 rumsn
686 227 743 294 Er
769 225 973 294 taunaco

177 417 325 495 Zenonis,
347 414 431 475 cuius
448 421 598 492 tempore,
620 419 655 468 ut
673 409 764 468 refert
782 409 930 486 Evagrius
948 407 968 470 3
989 406 1048 482 28,
1073 407 1292 466 Mammium

175 517 296 568 seruator
311 518 422 562 αονιαα
438 499 582 557 exsonuit
597 494 794 573 tetrapylum,
815 491 874 552 boo
890 503 952 568 ast,
973 502 1008 550 ut
1021 511 1078 570 ego
1096 493 1291 571 interpretor,

177 594 336 674 antiquum
358 585 495 646 denoto
518 579 729 644 reaedificavit.
779 577 817 640 de
838 577 897 638 hoc
918 579 1098 638 Mammiani
1119 579 1292 660 Tetrapylo

176 690 250 762 puto
281 673 430 736 Codinum
457 673 544 752 loqui
571 689 603 749 p.
625 668 669 730 to
697 685 728 728 v.
751 667 790 727 ils
821 663 906 726 addit
934 666 1018 724 enim
1043 663 1095 728 aui
1122 659 1292 746 διήρκεσαν

177 763 261 848 μέχρι
292 763 349 824 τοῦ
381 758 542 836 Θεοφίλου.
586 771 658 831 ergo
686 752 844 831 antiquum
871 751 1073 829 Tetrapylum
1099 751 1293 810 Constantini

175 869 273 930 nsque
301 843 340 906 ad
367 846 523 902 Zenonem
543 841 696 917 integrum
716 839 844 914 mansit,
875 835 1043 896 secundum
1063 846 1167 896 autem
1188 840 1292 898 Mam-

175 935 272 996 miani
291 951 389 1010 usque
411 927 450 988 ad
471 924 691 1006 Theophilum.
734 925 839 982 Lana.

260 1039 291 1098 p·
312 1017 352 1079 47
374 1035 404 1079 r.
428 1016 477 1077 11.
520 1012 565 1086 εἰς
590 1006 625 1074 ed
646 1009 764 1091 Σῖγμα]
794 1007 828 1068 id
857 1016 918 1081 est,
951 1007 985 1066 in
1012 1008 1133 1084 porticu
1160 1011 1291 1070 semiro-

176 1103 288 1178 tunda,
310 1121 388 1183 quae
408 1119 426 1158 a
446 1094 644 1158 similitudine
665 1096 795 1154 fabricae
815 1093 920 1172 Sigma
937 1103 1138 1172 nuncupatur.
1182 1097 1291 1156 Graeci

176 1191 293 1272 antiqui
313 1190 411 1266 sigma
431 1184 597 1264 pingebant
617 1191 653 1240 ut
677 1181 705 1239 C
722 1183 901 1240 Rornauum.
944 1181 1050 1238 Lsun.

262 1295 294 1354 p·
315 1275 356 1337 47
378 1292 407 1332 v.
429 1273 482 1334 22.
524 1264 580 1347 τήν
602 1267 788 1347 μυρίανδρον
807 1259 940 1344 πόρνην]
964 1274 1051 1344 porta
1072 1263 1148 1321 olim
1169 1284 1290 1324 nuncu-

177 1373 247 1444 pata
269 1358 452 1438 μυρίανδρος
471 1373 525 1414 seu
541 1347 732 1433 πολύανδρος
748 1349 837 1412 hodia
851 1360 976 1410 vocatur
989 1347 1289 1428 Hadrianopolitana‚

177 1459 208 1506 st
228 1443 365 1504 medium
385 1444 417 1500 in
436 1459 524 1498 muro
546 1440 678 1496 terrestri
699 1439 801 1496 locum
822 1446 965 1516 occupat,
988 1445 1023 1494 ut
1041 1435 1133 1494 refert
1152 1440 1290 1494 omnium

178 1531 419 1592 accuratissimus
449 1523 700 1604 doctissimusque
733 1521 876 1582 historiae
909 1523 1057 1582 Turcicae
1086 1523 1215 1602 scriptor
1245 1527 1290 1588 lo.

175 1617 387 1678 Leunclavius.
431 1613 464 1669 in
496 1608 555 1670 hac
585 1619 673 1689 porta
702 1611 791 1688 periit
821 1627 982 1688 oppressus
1010 1605 1172 1666 hominum
1200 1611 1290 1668 turba

178 1703 392 1763 Constantinus
413 1699 539 1756 ultimus
561 1697 745 1754 Graecorum
766 1696 940 1774 imperator.
982 1694 1087 1754 nsua.

262 1807 293 1866 p·
313 1784 355 1848 48
376 1803 405 1843 v·
426 1784 456 1846 3.
499 1779 643 1862 Βιγλίοα]
664 1789 698 1840 ut
719 1773 835 1862 βήγλιγν
856 1779 964 1838 Graeci
982 1779 1159 1837 recentiores
1175 1793 1291 1839 vocant

177 1873 330 1952 vigiliam,
351 1871 394 1928 ita
416 1871 509 1927 etiam
529 1869 675 1946 vigilium
695 1865 819 1948 Βίγλιον
840 1873 870 1924 et
889 1865 1088 1943 togilmriem
1105 1868 1288 1947 Βιγλεντίαν.

175 1963 276 2025 nrm.

260 2065 290 2124 p.
312 2038 354 2105 48
375 2061 406 2100 r.
427 2041 459 2104 8.
501 2041 558 2118 τῆς
585 2035 776 2120 γυναικείας]
808 2037 882 2118 quin
912 2035 1004 2094 fuerit
1031 2035 1105 2098 haec
1132 2038 1291 2098 muliebris

178 2139 278 2190 statua
308 2129 506 2186 simulacrum
534 2126 678 2204 Cpoleos,
711 2121 838 2182 dubium
867 2141 931 2180 non
960 2131 1019 2182 est:
1052 2121 1108 2180 sed
1136 2122 1291 2204 quomodo

178 2213 296 2272 dicatur
316 2207 367 2274 τὸν
387 2209 537 2290 στέφανον
557 2207 729 2289 κατασχεῖν,
753 2205 870 2288 aliquid
889 2205 982 2266 habet
1003 2206 1208 2270 dubitationis.
1252 2231 1291 2268 an

178 2299 286 2358 dextra
307 2305 430 2354 extenta
448 2293 607 2352 videbatur
625 2313 767 2352 coronam
781 2295 950 2372 porrigere,
974 2295 1071 2374 qualis
1085 2297 1195 2353 visitur
1210 2299 1292 2354 anti-

178 2403 255 2464 quae
286 2383 402 2440 Romae
428 2381 461 2438 in
487 2397 613 2438 nummo
640 2375 781 2436 Claudiil
826 2399 865 2438 an
893 2377 1001 2438 sedens
1029 2378 1136 2438 dextro
1164 2381 1293 2441 brachio

176 2471 291 2528 inflexo
318 2465 440 2525 tenebat
465 2483 559 2522 manu
588 2483 732 2524 coronam
754 2483 835 2540 genu
856 2475 1065 2538 sustentatam,
1097 2475 1131 2522 ut
1152 2469 1295 2526 cernitur

176 2557 211 2614 in
242 2551 330 2612 horto
359 2551 535 2608 Cassiorum
560 2551 658 2608 Roma
681 2547 720 2608 de
743 2551 837 2610 Dacia
859 2553 1009 2629 provincia
1029 2549 1150 2608 subacta
1171 2553 1295 2612 trium-

176 2634 298 2720 phansl
341 2655 381 2693 an
410 2635 541 2708 babebat
566 2636 600 2694 in
621 2636 719 2715 capita
740 2655 883 2696 coronam
902 2639 1006 2716 galeae
1027 2637 1294 2716 circumvolutam,

175 2734 211 2784 ut
230 2731 382 2805 spectatur
401 2724 435 2780 in
454 2741 581 2781 nummo
603 2722 791 2782 Constantini
810 2721 939 2801 magnii
982 2725 1081 2784 nsua.

261 2831 292 2891 p.
314 2807 356 2872 48
379 2827 409 2876 ,v-
430 2813 451 2872 'l
470 2827 517 2888 sq.
558 2801 593 2870 τὸ
621 2801 810 2887 καλούμενον
838 2801 1027 2892 Σαρανήγιον
1055 2841 1097 2854 -
1126 2805 1290 2888 ἱσταμένη]

176 2894 228 2956 bic
248 2898 333 2957 locus
353 2895 397 2952 ita
416 2892 677 2954 transformandus
697 2905 758 2954 est:
780 2892 803 2974 ἡ
823 2893 868 2968 εἰς
888 2891 920 2956 cd
939 2889 1129 2976 καλούμενον
1149 2891 1292 2974 Στρατή-

176 3005 245 3065 γιον
266 2976 377 3059 στήλη,
402 2977 424 3058 ἦ
445 2979 478 3042 ἐν
498 2983 539 3063 τῷ
559 2979 678 3060 μεγαλῳ
700 2979 781 3042 aloru
802 2979 960 3060 ἱσταμένη,
988 2979 1070 3044 ἐστὶν
1090 2974 1291 3060 Ἀλεξάνδρου

176 3071 234 3129 τοῦ
263 3059 453 3138 Μακεδόνος.
495 3064 681 3142 Strategium
710 3065 798 3144 Cpcli
824 3066 925 3126 forum
955 3077 1036 3141 erat,
1064 3067 1098 3126 in
1125 3085 1184 3146 quo
1210 3067 1291 3122 anti-

138 3205 143 3222 ,
178 3153 281 3231 quitus
308 3151 442 3208 militum
470 3147 560 3209 duces
591 3152 685 3208 creari
713 3152 865 3227 solebant,
897 3161 932 3210 ut
956 3161 1085 3210 testatur
1110 3151 1289 3231 Hesychius.

178 3235 212 3299 ἐν
241 3237 422 3319 στρατηγίῳ,
453 3237 570 3314 inquit,
602 3233 751 3319 λεγομένῳ
778 3233 882 3321 odom,
915 3237 994 3298 tvae
1013 3234 1088 3300 noel
1108 3237 1141 3299 οἱ
1161 3255 1290 3316 στρατη-

177 3323 301 3402 γοῦντες
328 3317 437 3400 ἄνδρες
465 3319 520 3394 τας
545 3317 632 3400 rsuclc
661 3319 848 3401 ὑπεδέχοντο.
891 3322 1006 3382 ibidem
1027 3323 1140 3382 milites
1163 3341 1290 3382 exerce-

177 3407 304 3480 bantur,
333 3405 417 3486 quod
437 3407 521 3465 locus
543 3417 622 3465 esset
643 3409 816 3486 campestris
838 3427 892 3468 seu
911 3409 1038 3487 planus,
1060 3419 1094 3468 ut
1114 3409 1209 3468 refert
1228 3409 1290 3468 Co-

178 3489 267 3550 dinus
298 3493 390 3569 paulo
419 3491 509 3557 infra.
550 3492 671 3551 ridetur
698 3513 768 3571 ergo
794 3495 979 3571 Strategium
1005 3493 1065 3556 hoo
1093 3495 1291 3572 Cpolitanum

177 3595 284 3655 carnpo
304 3578 413 3639 Martio
433 3579 547 3637 Romae
567 3580 709 3659 antiquae
728 3590 792 3638 tam
809 3599 867 3638 usu
882 3599 975 3660 quam
989 3582 1050 3640 situ
1066 3581 1167 3639 simile
1182 3581 1290 3640 fuisse.
1389 3589 1390 3618 ³

177 3663 316 3722 Socrates
334 3660 406 3726 hist.
427 3664 511 3720 Eccl.
534 3665 552 3725 1
584 3661 626 3727 14
653 3675 800 3724 memorat
821 3667 1010 3726 Constantini
1029 3668 1135 3745 magni
1156 3676 1292 3724 statuam

177 3757 347 3829 equestrem
367 3749 411 3806 ibi
431 3751 566 3807 stetisse:
598 3747 679 3808 hanc
703 3770 759 3830 ego
781 3749 909 3810 eandem
932 3772 997 3812 essa
1017 3763 1091 3832 puto
1113 3771 1205 3832 quam
1227 3753 1291 3810 Co-

177 3832 266 3894 dinus
295 3834 338 3890 ait
361 3834 455 3893 fuisse
482 3833 650 3894 Alexandri
670 3837 774 3916 magni
795 3847 825 3896 et
846 3857 863 3895 a
885 3839 1083 3900 Constantino
1105 3837 1292 3917 Chrysopoli

177 3917 339 3977 deductam
367 3929 456 3997 atque
485 3930 616 3978 cremam
642 3923 746 3986 fuisse.
789 3925 929 3984 similiter
950 3925 1166 3984 Constantinus
1189 3925 1292 4002 Apol·
1389 3955 1390 3978 t

176 4004 247 4062 linis
269 4004 484 4082 Heliopolitaui
505 4014 635 4064 statuam
655 4027 709 4086 pro
728 4028 783 4068 sua
802 4010 960 4069 columnae
977 4007 1211 4092 porphyreticae
1229 4009 1291 4066 fori

176 4089 330 4166 imposuit.
372 4089 428 4146 illa
456 4099 557 4145 autem
585 4093 694 4166 verba,
724 4091 747 4170 ἡ
771 4092 912 4173 ἱσταμένη
933 4094 967 4158 ἐν
987 4101 1031 4180 rqi
1051 4089 1171 4178 μεγάλῳ
1193 4095 1289 4170 κίονι,
1389 4083 1390 4120 ¹

176 4183 333 4247 propterea
361 4169 477 4232 addidit
504 4170 637 4232 Codinus
663 4188 698 4234 ut
723 4176 920 4255 distingueret
940 4179 1019 4238 hano
1039 4178 1211 4240 Alexandri
1233 4199 1290 4238 seu

177 4251 366 4314 Constantini
379 4258 484 4335 magni
498 4265 626 4316 statuam
642 4262 680 4319 ab
695 4263 753 4320 alia
768 4261 899 4342 quadam
913 4267 1024 4326 Leouis
1037 4266 1160 4324 Macelli
1174 4275 1290 4342 statua,
