2808 4616
172 211 248 288 rao
506 193 724 284 uacuatos
750 209 938 284 connuns

275 402 322 470 Τό
349 399 435 490 άγιον
461 408 563 489 λοῦμα
583 411 645 473 τῶν
668 407 853 494 Βλαχερνιῖίν
876 401 894 471 ὅ
916 401 983 483 νέος
999 404 1161 486 Βαοίλειος
1177 403 1195 473 ὃ
1211 409 1289 490 οἶός·-

169 505 327 595 Ῥονμανοῦ
349 515 404 574 τοῦ
427 509 615 593 καλουμένου
637 513 759 576 παιδίου
775 515 832 575 τοῦ
847 507 1131 597 πορφυρογεννῆτου
1149 519 1278 582 πολυτε·

172 616 320 704 λεοτέριυς
342 610 507 698 ἐκόσμησε,
529 612 694 698 χρυσάσας
717 617 767 680 καὶ
791 611 974 702 άργυροίσας
989 615 1080 680 πλέον
1096 617 1175 704 παρ’
1194 613 1277 705 ἃῆν.

271 715 319 784 ‘H
339 718 418 801 μανά
443 723 499 784 τοῦ
526 715 613 804 άγίου
638 713 790 805 Λαζάρου
816 717 901 805 παρά
927 718 1066 796 Λέοντος
1092 729 1147 786 τοῦ
1173 730 1277 812 σοφοῦ

163 823 311 907 ἐκτίσθη.
362 822 516 905 μοναχοὺς
547 823 581 888 dd
610 817 769 907 εὐνούχους
795 824 826 889 ἐν
852 821 931 908 αὐτῇ
956 820 1133 890 τετόπωκεν.
1184 824 1303 914 ἐφιρείν

172 931 224 994 καί
247 926 287 992 τά
311 927 442 1010 λείψανα
466 927 526 992 άπὸ
552 924 684 1012 Κάπρου
710 930 761 992 καὶ
783 928 936 1006 Βιθυνίας
958 933 1014 1011 τῆς
1037 952 1069 995 τε
1091 926 1276 1018 μυροφόρου

171 1034 305 1121 Μαρίας
321 1033 372 1096 καί
388 1029 559 1119 Λαζάρου,
585 1035 636 1096 καὶ
653 1032 716 1096 ἐκεί
728 1031 869 1096 ἀπέθετο.

270 1133 318 1200 Ἡ
325 1136 404 1219 μονὴ
418 1143 472 1200 τοῦ
486 1133 659 1215 Τζαοότζου
672 1137 796 1218 ἐκτίσθη
810 1133 894 1220 παρὰ
908 1129 1084 1212 Τζαοότζου
1096 1135 1276 1221 μαγίστρου,

131 1245 156 1302 l>
174 1230 212 1306 ori
227 1238 308 1318 τινός
324 1238 379 1325 τὴν
396 1240 554 1328 θυγατέρα
571 1241 724 1324 ἐμοίχευσε
740 1240 835 1305 Λέων
852 1236 869 1304 ὅ
886 1236 999 1326 σοφός,
1015 1239 1109 1324 Ζωήν
1126 1239 1276 1324 ὀνομαζο-

169 1345 274 1429 μένην.
1282 1355 1316 1412 10

269 1443 318 1510 ‘H
336 1443 414 1527 μονέ
437 1451 493 1511 τοῦ
509 1443 615 1527 Λιβός
632 1445 743 1521 ἐντοῖς
755 1439 879 1530 χρόνοις
890 1440 1048 1526 Ῥωμανοῦ
1065 1450 1122 1510 τοῦ
1138 1445 1278 1532 γέροντος

169 1551 223 1616 καί
253 1551 488 1616 Κωνοτοντίνου
518 1557 573 1616 τοῦ
604 1545 887 1636 πορφυρογεννήτου
914 1550 1039 1632 ἐκτίσθη
1063 1548 1148 1636 παρά
1171 1550 1278 1632 Λιβὸς

170 1657 331 1743 πατρικίου
350 1658 400 1718 καὶ
420 1657 622 1743 δρουγγαρίου
639 1661 699 1720 τῶν
716 1657 877 1735 πλωίμωκ,
896 1649 930 1730 ὃς
947 1655 997 1717 καί
1015 1656 1128 1730 ξενῶνα
1145 1655 1277 1739 ἐποίησε.

272 1761 354 1845 Περὶ
379 1759 412 1822 δέ
436 1766 496 1823 τῶν
517 1754 815 1844 παμμεγεθεστάτιυν
832 1763 949 1844 πετρῶν
966 1761 1026 1822 τῶν
1044 1755 1158 1836 ἐξωθεν
1174 1757 1278 1842 κειμέ-

171 1887 232 1928 νων
257 1869 313 1929 τοῦ
338 1865 489 1950 παραλιύυ
512 1866 630 1946 τείχους
652 1864 767 1948 λέγεται
792 1857 856 1941 ότι,
882 1861 1055 1944 κτιζομένης
1078 1867 1131 1944 τῆς
1155 1859 1316 1939 πόλεωςλό

171 1965 256 2052 παρά
284 1973 338 2032 τοῦ
363 1966 497 2053 μεγάλου
520 1970 750 2034 Κωνοταντίνου
771 1967 822 2029 καί
840 1963 947 2048 σχεδόν
965 1961 1085 2049 ἁπάσης
1100 1963 1277 2052 πετρώδους

170 2065 385 2156 ὖπαρχοόοης,
413 2070 565 2150 ἐσάζοντες
587 2072 658 2149 τοὺς
680 2068 792 2146 τόπους
810 2069 839 2135 οῗ
855 2067 1011 2147 λιθοξόοι,
1038 2065 1080 2146 ὡς
1097 2067 1132 2134 dv
1150 2070 1277 2136 κτίσωσι

170 2170 243 2249 τοός
272 2199 305 2238 τε
336 2172 487 2254 ἐμβόλους
514 2177 567 2240 καὶ
596 2173 636 2240 τά
665 2172 789 2262 ἐξάερα,
823 2171 948 2238 ἔκοπτον
971 2171 1028 2250 τὰς
1053 2172 1194 2260 κορυφὰς
1215 2178 1276 2239 τῶν

241 2383 458 2454 1ρ.4οΒετιά.
598 2377 613 2434 ὁ
641 2377 718 2453 οἷός]
750 2377 765 2436 ό
795 2379 937 2451 εὐσχήμων
964 2379 1025 2446 υἷάς
1047 2381 1194 2453 Ῥωμανοῦ
1223 2384 1274 2438 τοῦ

240 2451 309 2508 νέου
328 2447 592 2520 πορφυρογεννήτου
609 2450 744 2518 παρέλυσε
762 2451 811 2505 καί
827 2449 957 2522 οἶνήγειρε
974 2455 1082 2521 νεωστί,
1102 2453 1275 2516 καλλωπίσας

171 2543 173 2552 ·
241 2522 291 2579 καί
316 2520 457 2591 χρυσείους
480 2517 701 2584 προκριτοίτερον
726 2517 798 2585 παρ’
825 2516 842 2576 d
866 2520 918 2593 ἣν,
947 2522 995 2576 καί
1020 2519 1047 2588 ἐξ
1071 2518 1208 2594 άργυρίου
1226 2524 1274 2578 καὶ

241 2597 359 2662 χρυσίου
375 2591 481 2645 πολλοῦ
496 2586 612 2642 είκόνισε
628 2590 677 2642 καί
695 2587 896 2658 κατεκόσμησεν
913 2588 1009 2647 αὐτόν.
1027 2594 1060 2647 C.
1164 2597 1182 2646 4
1217 2595 1274 2649 .t3

240 2663 326 2716 Band.
385 2681 389 2688 ’
432 2729 434 2732 .
462 2653 586 2730 ἡμονὴ]
605 2655 620 2712 ὁ
639 2655 671 2712 δέ
689 2655 769 2730 όίγιος
785 2657 913 2728 Λάζαρος
929 2657 1042 2730 ἐκτίσθη
1060 2656 1111 2730 utin
1128 2681 1206 2730 παρα
1224 2664 1276 2718 τοῦ

240 2726 422 2798 Μακεδόνος,
440 2722 554 2793 ὕστερον
572 2725 604 2782 δὲ
622 2726 700 2796 παρά
718 2727 840 2793 Λέοντος
856 2752 907 2786 του
924 2751 989 2785 υτον
1001 2751 1089 2785 αντου
1101 2727 1272 2820 ἐπλατόνθη,

240 2797 485 2870 ἀποχαριοαμένοο
509 2793 540 2851 ἐν
563 2801 602 2868 τῷ
618 2797 736 2868 τοιούτῳ
754 2801 815 2867 ναῷ
831 2801 878 2854 καί
896 2797 1022 2869 κτήματα
1040 2799 1139 2854 πολλά.
1174 2801 1215 2866 είς
1231 2820 1274 2856 ευ-

240 2869 348 2938 eoduma
372 2866 462 2940 μονὴν
478 2867 584 2935 ταύτην
600 2863 832 2937 ἀποκατέστησεν.
869 2867 949 2938 ἐφερε
966 2868 997 2924 δέ
1016 2864 1071 2926 dui
1090 2869 1208 2938 Κύπρου
1225 2871 1274 2925 καὶ

240 2936 277 2996 τά
297 2937 362 3008 όίγια
380 2940 499 3006 λείψανα
518 2941 568 2992 τοῦ
586 2935 669 3007 οἶγίου
685 2937 816 3005 Λαζάρου
832 2940 881 2992 καί
898 2934 955 2994 dno
973 2941 1109 3003 Βιθυνίας
1126 2945 1175 3008 τῆς
1193 2939 1274 3010 ἁγίας

239 3010 354 3076 Μαρίας
367 3011 415 3078 τῆς
427 3006 606 3076 μυοοφόροο,
624 3007 673 3062 καί
685 3003 802 3062 ἐπέθετο
815 3003 901 3064 ἐκεῖσε
912 3011 1009 3065 ταῦτα.
1027 3012 1060 3064 C.
1146 3011 1165 3064 8
1181 3031 1207 3082 p.
1221 3010 1274 3066 134

239 3080 324 3134 Baud.
410 3078 560 3146 μαγίστρου
576 3076 624 3131 καὶ
641 3074 877 3147 βασιλεοπάτορος
892 3081 960 3150 ch.
1047 3083 1081 3136 ll
1098 3081 1175 3153 poi
1188 3082 1273 3136 Baud.

240 3149 275 3202 la
292 3170 318 3221 p.
335 3146 369 3201 61
386 3149 471 3203 Band.
574 3146 609 3201 18
624 3144 660 3201 τὰ
678 3141 794 3218 ἕξάερα]
813 3145 849 3202 τά
866 3149 949 3220 ξίαρα
966 3151 1028 3208 Vct.

274 3336 383 3390 Sacrum
405 3335 523 3389 balneum
543 3334 572 3387 in
589 3335 741 3390 Blachernis
757 3337 871 3393 Basilius
888 3338 976 3392 iunior
993 3339 1061 3394 filius
1080 3338 1189 3394 Romani
1205 3339 1275 3393 Por-

169 3403 352 3478 phyrogeniti,
372 3407 524 3476 cognomine
542 3408 632 3476 pueri,
651 3409 792 3480 pretiosius
811 3425 886 3478 quam
904 3420 965 3462 ante
983 3413 1070 3464 lucrat
1088 3411 1226 3464 exornavit
1243 3418 1274 3464 et

169 3491 234 3529 auro
252 3488 411 3546 argentoque
429 3475 548 3528 obduxit.

274 3546 462 3600 Monasterium
486 3544 571 3598 nancti
595 3545 692 3598 Lazari
712 3547 856 3615 imperator
877 3547 933 3600 Leo
956 3547 1061 3618 sapiens
1086 3549 1218 3616 condidit,
1245 3554 1275 3602 et
1380 3603 1381 3620 χ

168 3616 308 3668 monachos
326 3616 458 3668 eunuchos
476 3615 502 3666 iu
521 3632 552 3665 eo
569 3614 693 3668 instituit.
730 3636 761 3670 eo
779 3619 858 3670 etiam
876 3619 1011 3670 transtulit
1029 3617 1154 3688 reliquias
1171 3619 1202 3674 S.
1216 3617 1273 3670 La·
1380 3629 1381 3652 l

168 3685 226 3738 uari
242 3696 269 3738 et
285 3686 388 3738 Mariae
405 3685 618 3756 unguentilerae‚
636 3705 670 3739 ex
688 3685 777 3757 Cypro
796 3697 823 3740 et
840 3687 965 3754 Bithynia
981 3687 1084 3740 allatas.
1380 3731 1381 3758 u

271 3755 461 3808 Monosteriuut
486 3755 622 3808 Tzuutaae
646 3765 764 3827 tcuipore
787 3757 902 3808 ciusdem
924 3757 1022 3809 Loonia
1040 3758 1173 3810 Tzoutzea
1191 3756 1275 3825 nagi—
1380 3819 1381 3826 ρ

168 3827 225 3877 uter
243 3825 388 3888 exstruxit3
409 3824 481 3878 cuius
499 3824 576 3877 liliam
595 3825 667 3879 Zoen
685 3827 740 3878 Leo
757 3827 862 3896 sapiens
880 3826 1048 3878 concubinam
1067 3827 1167 3881 habuit.

272 3894 460 3948 Monasteriuun
482 3893 557 3946 Libia
576 3901 694 3966 tempore
711 3896 821 3948 Rotnani
839 3897 951 3949 senioris
969 3902 997 3948 et
1017 3897 1187 3950 Constantini
1203 3895 1273 3946 Por-

166 3959 254 4030 phyro
274 3965 337 4018 eniti
354 3963 518 4017 aedificatum
537 3963 589 4016 luit
606 3981 622 4016 a
637 3965 705 4020 Libe
722 3966 835 4037 patricio
852 3973 880 4018 at
896 3965 1037 4034 drungario
1054 3966 1146 4020 classic
1160 3963 1272 4032 navalia,

168 4033 213 4100 qui
232 4043 310 4088 etlam
328 4031 458 4103 hospitale
476 4032 600 4086 condidit.

272 4105 313 4158 De
333 4103 485 4174 ingentibus
500 4101 560 4154 istiu
577 4101 647 4155 saxis
665 4121 732 4174 quac
749 4105 802 4157 sita
819 4109 882 4156 aaut
898 4109 974 4157 extra
990 4121 1091 4158 murum
1108 4103 1273 4170 maritimum,

168 4163 234 4221 haec
250 4183 400 4230 narrantur.
435 4188 492 4224 cum
510 4170 698 4226 Constantinus
715 4191 823 4242 magnus
839 4175 930 4227 urbcrn
948 4173 1014 4226 hanc
1031 4177 1160 4228 conderet
1175 4181 1203 4228 et
1216 4176 1273 4226 fare

168 4239 243 4290 totus
266 4244 324 4298 eiua
348 4245 416 4298 aitua
438 4255 551 4296 aaxoaua
573 4249 656 4311 cacat,
679 4243 811 4314 lapicidae
833 4243 867 4296 ad
884 4243 1004 4314 porticus
1022 4245 1197 4298 exstruendae
1213 4243 1274 4297 loca
