2802 4636
153 324 202 394 26
224 322 442 392 GEORGIUS
465 319 652 388 GODINUS
675 319 734 383 DE
759 317 907 384 FORMA
932 319 990 384 ET
1015 319 1181 385 nussltu
1203 321 1264 388 ΟΡ.

108 523 134 578 D
154 519 210 580 τοῦ
214 560 226 593 ,
260 517 389 596 σεισμοῦ
410 506 640 597 γεγονότοςκαὶ
664 515 726 576 τῶν
748 513 855 593 τειχῶν
877 503 1126 576 καταπιπτόντων
1150 509 1203 574 διὰ
1229 511 1263 575 τδ

153 616 226 694 τοδς
238 615 443 701 Ἀμαληκίτας
464 613 537 691 τοὺς
558 614 818 699 Χατζιντζαρίους
841 615 963 698 οἰκῆσαι
986 613 1018 677 ἓν
1041 620 1080 701 τῇ
1103 609 1188 678 πόλει
1212 617 1265 678 καί

152 726 347 808 βλασφημεῖν
356 721 502 808 σφοδρῶς
511 721 553 794 εἰς
569 719 604 784 τὸ
621 714 791 804 τρισάγιον,
808 713 939 800 ποιήσας
954 711 971 781 ὃ
987 704 1134 798 βασιλεδς
1150 717 1264 782 ἱκεσίαν

156 827 208 889 καί
226 824 314 908 λιτὴν
332 825 373 901 είς
389 823 443 890 τόν
459 819 580 906 κάμπον
596 828 653 888 τοῦ
668 822 881 909 τριβουνωλίου
897 819 976 904 μετὰ
994 825 1050 885 τοῦ
1072 819 1263 908 πατριάρχου

155 923 302 1012 Πρόκλου
327 929 379 992 καὶ
402 925 516 1004 παντὸς
537 931 593 992 τοῦ
615 931 708 1005 λαοῦ,
731 921 904 1012 κραζόντων
920 922 956 990 τδ
973 920 1058 1011 κόριε
1075 925 1197 1008 ἐλέησον
1213 926 1289 988 tute

154 1029 270 1108 πολλάς
287 1028 386 1118 ὥρας,
404 1029 525 1098 πάντων
542 1025 683 1114 δρώντων
700 1025 821 1116 ἡρπάγη
839 1029 961 1092 παιδίον
978 1031 1022 1104 εἰς
1036 1026 1090 1092 τόν
1107 1029 1194 1114 τἰίρα,
1212 1031 1266 1094 καὶ

154 1133 284 1218 ἤκουσεν
307 1130 323 1198 ὃ
347 1145 419 1212 παΐς
442 1141 502 1200 τῶν
519 1132 652 1218 ἀγγέλων
667 1129 885 1220 μελῳδούντων
902 1133 952 1196 καί
968 1127 1144 1213 όμνοόντων
1158 1127 1266 1217 ιεἅγιος

154 1235 171 1302 ὅ
189 1235 280 1317 θεός,
299 1235 385 1324 ἅγιος
400 1234 542 1326 ἰσχυρός,
560 1235 645 1321 ἅγιος
661 1233 819 1312 ἀθάνατος
825 1283 835 1314 ,
854 1236 977 1320 ε’λίησον
993 1232 1102 1319 ittig?
1155 1241 1264 1300 κατελ-

151 1337 266 1418 θόντος
283 1341 316 1406 δὲ
333 1349 387 1406 τοῦ
404 1341 514 1418 παιδδς
530 1337 546 1404 ὃ
564 1339 638 1418 λαδς
654 1338 751 1417 οὕτως
767 1336 911 1427 ἐμελῴδει
917 1387 928 1419 ,
947 1341 997 1404 καί
1015 1337 1086 1423 ίστη
1105 1333 1121 1403 ὃ
1140 1338 1265 1421 σεισμός
1390 1377 1391 1389 ¹

152 1443 263 1524 ίκτοτε,
282 1448 333 1510 καλ
345 1447 469 1524 ἐξέωσεν
486 1441 502 1511 ὅ
519 1443 664 1528 βασιλεὺς
680 1440 797 1521 πάντας
813 1443 885 1520 τοὺς
901 1441 1070 1530 αἴρετικοδς
1086 1442 1119 1508 ἐκ
1136 1449 1192 1526 τῆς
1208 1441 1263 1506 πό-
1272 1452 1307 1505 10
1388 1403 1392 1543 ἕ

153 1553 239 1625 λεως.
291 1549 413 1632 ἕξίβαλε
431 1551 465 1616 δὲ
482 1549 520 1614 τὰ
537 1550 619 1632 τείχη
637 1547 698 1612 ἀπό
724 1554 780 1613 τοῦ
803 1545 969 1626 ἕξακιονίου
994 1546 1085 1635 μέχρι
1108 1552 1165 1630 τῆς
1186 1571 1266 1633 χρυ-

153 1653 254 1730 σείας·
277 1655 310 1730 ἐξ
333 1645 371 1718 οὗ
393 1656 443 1719 καί
469 1649 583 1737 στήλην
607 1652 702 1718 αὐτοῦ
718 1649 842 1735 ἔστησεν
859 1649 988 1716 όπισθεν
1003 1657 1064 1716 τῶν
1081 1646 1265 1738 ἐλεφάντων,

64 1758 203 1828 Ρ13καὶ
228 1755 389 1840 ἀνεβιβαοε
414 1758 449 1824 τδ
477 1755 627 1843 παράλιον
654 1765 753 1838 τεῖχος
777 1753 838 1820 ἀπὸ
861 1761 916 1839 τῆς
933 1751 1066 1838 Ῥάβδου
1089 1755 1180 1842 μέχρι
1211 1761 1267 1837 τῆς

149 1863 312 1947 χρυσείας,
336 1863 387 1927 καὶ
406 1861 466 1926 ἀπὸ
484 1868 541 1928 τοῦ
558 1857 645 1945 ἁγίου
658 1860 836 1938 Ἀντωνίου,
854 1858 893 1924 τά
905 1855 1081 1945 Ἀρματίου,
1098 1859 1187 1945 μέχρι
1204 1863 1266 1922 τῶν
1389 1939 1390 1955 ¹

152 1967 338 2051 Βλαχερνῶν
363 1967 414 2030 καί
432 1971 486 2050 τῆς
497 1965 652 2052 χρυσείοις.
704 1963 734 2028 οἷ
751 1963 785 2028 δὲ
801 1959 857 2028 δόο
879 1964 972 2046 δῆμοι
988 1961 1109 2030 ίκτισαν
1125 1962 1164 2028 τδι
1181 1963 1264 2046 τείχη
1274 1971 1306 2024 15
1389 1958 1391 2024 ]

153 2068 232 2155 παρ’
252 2068 347 2134 αὐτοῦ
364 2066 556 2158 ὃρισθίντες,
574 2068 684 2146 καθὼς
701 2070 743 2146 εἰς
759 2066 799 2133 τά
816 2069 885 2155 περλ
901 2064 1075 2151 κτισμάτων
1092 2067 1233 2156 περιίχει.
1390 2051 1391 2058 ¹

1388 1562 1390 1586 i

1389 1685 1390 1705 i

221 2245 239 2296 2
256 2239 424 2310 άμαλικίτας
439 2241 488 2296 καλ
505 2237 572 2305 vatic
588 2262 613 2312 χ.
632 2243 696 2302 Vat.
801 2245 819 2298 3
834 2243 1030 2316 βλασφημῆσαι
1048 2245 1081 2299 C.
1184 2242 1267 2298 ὁκαὶ

220 2308 330 2374 παντὸς
346 2314 399 2366 τοῦ
412 2312 485 2366 λαοῦ
501 2314 553 2367 add
571 2314 604 2367 0.
708 2312 744 2368 14
759 2312 815 2366 τόν
833 2307 990 2382 ολρματείων
1007 2313 1069 2368 Vat-

153 2475 243 2520 terrae
259 2471 346 2520 motus
363 2469 434 2520 esset
449 2471 478 2519 et
494 2465 563 2518 muri
577 2465 772 2520 collaberantur
787 2471 932 2537 propterea
949 2467 1019 2538 quod
1036 2465 1217 2520 Amalechitae
1237 2475 1266 2520 et

153 2537 322 2590 Chazinzarii
340 2537 368 2590 in
385 2537 452 2588 urbe
469 2535 625 2588 habitabant
641 2545 670 2589 et
686 2536 823 2604 trisagium
839 2537 919 2607 impie
935 2538 1096 2604 irridebant,
1123 2555 1219 2607 preces
1238 2545 1267 2590 ct

153 2606 358 2676 supplicationes
381 2605 410 2658 in
436 2622 528 2675 campo
551 2605 692 2658 tribunalis
715 2623 767 2658 una
785 2623 842 2659 cum
858 2606 1010 2676 patriarcha
1026 2606 1120 2660 Procla
1141 2607 1267 2662 instituit.

152 2686 286 2728 caeteram
304 2693 361 2729 cum
379 2675 431 2728 iam
448 2677 611 2758 permultas
636 2677 714 2728 horas
736 2676 814 2744 kyrie
837 2676 942 2728 cleeson
968 2683 1136 2741 cantassent,
1167 2693 1268 2746 parvus

153 2745 258 2814 qnidam
277 2762 346 2816 puer
370 2751 473 2798 cunctus
496 2745 693 2815 aspectantibus
717 2745 747 2796 in
774 2746 860 2798 aeirem
885 2753 1024 2816 surreptus
1039 2745 1141 2800 audivit
1157 2747 1269 2815 angelos

153 2822 290 2868 cantantes
312 2809 438 2868 “sanctus
457 2816 538 2880 deus,
567 2823 673 2868 sanctus
691 2816 786 2881 fortis,
816 2823 922 2867 sanans
939 2816 1109 2883 immortalis,
1141 2817 1268 2868 miserere

152 2879 257 2938 uobis?
317 2902 381 2938 uero
403 2885 499 2938 iterun
521 2883 550 2937 in
572 2893 670 2938 terram
693 2885 806 2937 demisso
831 2885 945 2955 populus
969 2886 1001 2937 sd
1028 2885 1136 2936 eundem
1164 2886 1267 2938 modum

152 2954 264 3021 cecinit,
306 2955 422 3026 eaiitqae
438 2963 527 3009 terras
543 2961 644 3019 matus;
671 2961 700 3006 et
714 2955 860 3022 imperator
878 2971 967 3006 omnes
984 2955 1131 3007 haereticos
1148 2973 1182 3007 ex
1200 2957 1267 3006 arbe

152 3024 247 3092 eiecit,
264 3041 404 3095 murosque
421 3026 454 3078 ab
466 3023 630 3077 Hexacicnio
647 3040 731 3094 usqne
748 3024 781 3076 ad
797 3031 899 3092 portata
917 3041 1022 3077 auream
1039 3025 1158 3092 protulit.
1184 3042 1268 3094 qnare

152 3094 233 3147 etiam
250 3109 319 3161 pone
336 3095 491 3163 elephantos
508 3094 570 3146 istic
587 3094 728 3146 collocatos
746 3101 858 3146 statuam
884 3110 958 3146 suam
981 3093 1082 3161 erexit,
1115 3099 1143 3147 et
1166 3111 1267 3146 murum

152 3163 307 3215 maritimum
324 3180 340 3215 a
357 3163 449 3216 Raudo
467 3179 550 3234 usque
567 3162 602 3217 ad
618 3171 722 3233 portam
741 3180 846 3216 auream
862 3162 994 3232 extendit,
1014 3169 1042 3215 et
1059 3181 1075 3215 a
1094 3163 1124 3218 S.
1141 3163 1267 3229 Antonio,

152 3231 181 3283 in
197 3232 255 3284 loca
273 3241 423 3300 nuncupato
436 3231 570 3288 Harmatii
586 3232 651 3296 sito,
669 3249 752 3302 usque
769 3232 804 3286 ad
816 3232 975 3285 Blachernas
993 3239 1021 3285 et
1037 3240 1140 3302 portam
1152 3249 1268 3286 auream.

153 3301 220 3352 duae
238 3306 324 3354 autem
343 3301 472 3355 factiones
489 3302 595 3385 populi,
614 3303 647 3354 ab
665 3301 723 3370 ipsc
742 3302 768 3354 ei
784 3301 825 3355 rei
840 3301 1005 3374 destinatae,
1023 3319 1109 3357 tauros
1126 3303 1194 3357 istas
1206 3319 1269 3355 con·

152 3369 290 3438 didernnt,
310 3371 348 3425 uti
365 3371 479 3427 habetur
491 3388 520 3424 an
536 3371 604 3426 libro
623 3371 657 3424 de
673 3371 812 3426 aedificiis.
