2808 4616
270 279 280 294 ,
349 215 519 284 BREVES
545 212 754 280 ENARRAT.
783 213 1034 282 CHRONOGR.
1172 217 1245 290 191

237 407 284 474 At
306 408 338 470 Γ
335 402 488 493 οργονίδαι
510 397 669 488 λεγόμεναι
690 401 837 491 τέσσαρες
861 403 895 468 ἔτι
916 407 971 489 τῆς
989 401 1121 494 Ἐφέσου
1137 403 1247 491 ἣκασιν

137 513 198 580 ἀπὸ
224 517 278 578 τοῦ
303 517 358 595 τῆς
378 507 555 595 Ἀρτέμιδος
578 512 670 574 ναοῦ·
697 506 736 572 αθ
755 508 835 574 κατὰ
858 507 911 574 τὸν
934 509 1029 593 σηκδν
1045 517 1100 594 τῆς
1116 513 1247 597 Χαλκῆς

138 617 365 705 περιφέρονται,
391 611 470 679 ἔνθα
495 614 544 676 καὶ
562 616 699 700 σταυροῦ
715 621 841 696 σημεῖον
858 611 979 678 άνωθεν
997 613 1098 680 αὐτῶν
1112 618 1247 682 λ’σταται.

239 724 306 802 Τῆς
339 717 500 802 λεγομένης
526 715 702 802 Ἀρτέμιδος
730 713 751 800 η
781 714 877 802 στήλη
908 718 940 782 ίν
970 724 1014 808 τῷ
1040 715 1285 812 ἸπποδρομίφΒ

112 826 273 902 stemma,
300 819 379 886 ἴνθα
403 816 605 906 γυμνάζονται
631 819 660 885 οἳ
682 820 869 898 παλαίοντες.

232 927 285 990 Ἔν
309 931 348 1013 τῇ
371 927 488 1012 Χαλκῇ
511 921 592 1012 πάλη
615 930 671 991 τοῦ
694 925 842 991 παλατιόυ
861 919 1005 1010 Ζήνωνος
1021 927 1073 991 καὶ
1087 921 1247 1015 Ἀριάδνης

134 1038 188 1116 τῆς
213 1027 375 1118 σώφρονος
401 1027 528 1114 ἔσχατον
545 1033 597 1093 καί
614 1031 745 1116 αι’σχρᾶς
761 1029 796 1095 τδ
814 1027 963 1117 πρότερον
979 1032 1011 1095 ίν
1027 1031 1124 1097 κίοσιν
1138 1032 1247 1097 ίσταν-

134 1163 185 1202 ται
210 1135 297 1214 πεζαί
323 1137 450 1216 στῆλαι,
478 1129 611 1216 ἰάμβους
633 1134 779 1218 ἐλεγείοος
801 1132 940 1220 ligonum,
966 1134 1053 1224 παρά
1075 1131 1247 1202 Σεκούνδου

135 1237 309 1326 φιλοσόφου
327 1243 534 1325 μερισθεῖσαι.

93 1361 129 1414 10
233 1339 282 1404 ‘H
295 1338 390 1424 στήλη
407 1338 428 1424 ἡ
446 1339 523 1425 πρὸς
539 1336 574 1402 τὸ
592 1332 763 1414 Ζεύξιππον
777 1343 958 1426 θεωροῦσα,
976 1336 1046 1421 ἤτοι
1057 1337 1243 1429 ἔμπροσθεν,
1261 1353 1283 1406 c

132 1447 349 1512 Ἰουστινιανοῦ
371 1447 422 1508 καί
443 1439 609 1530 Θεοδώρας
626 1442 704 1506 ε’στί·
730 1441 808 1505 καθ’
828 1441 867 1526 ἣν
883 1444 934 1505 καὶ
951 1439 1107 1527 ἐδοξάσθη
1121 1445 1249 1512 Ἰουστι-

136 1545 257 1628 νιανάς,
292 1545 340 1614 ὅτε
368 1550 486 1614 ἐτίθετο
511 1543 530 1630 ἢ
559 1540 652 1629 αὐτή,
685 1543 848 1632 κράζοντας
870 1551 926 1610 τοῦ
950 1547 1111 1633 Πρασίνον
1136 1548 1250 1634 μίροος

133 1649 375 1730 ειἸουστινιανδς
405 1653 456 1717 καί
488 1653 720 1725 Κωνσταντΐνος
742 1649 803 1714 νίοι
828 1645 1035 1714 ἀπάστολοι·”
1070 1651 1101 1714 ἔν
1127 1647 1173 1728 οἷς
1197 1655 1247 1715 καὶ

138 1758 241 1843 Σοφία
265 1753 285 1840 ἡ
311 1757 405 1822 αὐτοῦ
429 1753 545 1840 γαμετὴ
569 1752 654 1840 παρὰ
672 1749 886 1836 Πλουμβάτου
903 1749 1076 1841 φιλοσόφου
1094 1756 1248 1839 ἲαμβικοΐς

96 1872 129 1928 15
137 1861 260 1948 μέτροις
276 1859 349 1936 τοδς
365 1859 505 1935 ἐπαίνους
521 1857 655 1934 ἐδέξατο.

236 1961 284 2026 Ἦ
301 1964 332 2028 ἓν
355 1968 399 2052 τῷ
422 1957 617 2047 παλαιοτάτῳ
641 1962 760 2046 λουτρῷ
781 1953 964 2043 ὑπάρχουσα
986 1953 1082 2043 στήλη
1106 1957 1139 2024 ἐκ
1160 1973 1284 2047 χρω-Ι)

135 2064 259 2151 μάτων,
293 2064 363 2146 ἤτοι
387 2071 431 2152 τῷ
458 2065 621 2151 Ζευξίππην
629 2110 640 2142 ,
668 2066 854 2126 Φιλιππικοῦ
879 2067 934 2126 τοῦ
959 2057 1059 2153 πράου
1086 2063 1166 2144 ἔστί,
1192 2072 1247 2130 τοῦ

136 2169 207 2236 κατ’
228 2167 352 2254 ι’ίγνοιαν
369 2169 587 2252 πλανηθέντας.
640 2161 682 2242 ὡς
706 2165 737 2228 δ’
756 2163 817 2245 ἕχει
834 2161 850 2229 ὃ
868 2161 974 2249 λόγος,
998 2171 1137 2231 τοιοῦτον
1154 2167 1247 2233 αὐτὸν

136 2271 212 2338 εἶναι
237 2268 301 2337 οἷον
323 2270 359 2337 τδ
383 2267 598 2361 πρωτάτυπον·
622 2265 763 2354 μεγάλως
784 2266 843 2354 γάρ
867 2265 1014 2354 ἐπῄνεσαν
1037 2269 1067 2334 οἳ
1090 2267 1247 2360 ζωγράφοι

92 2377 189 2445 horis
212 2372 396 2463 γράψαντα,
421 2372 469 2442 ὅτι
491 2373 546 2440 οὐκ
566 2369 700 2460 ἐχώρησε
717 2371 773 2455 τὴν
790 2377 847 2437 τοῦ
861 2373 1013 2455 βασιλέως
1027 2373 1153 2462 μορφὴν
1169 2374 1246 2464 πρὸς

134 2480 169 2547 τὸ
188 2479 367 2568 άρχίτυπον.

232 2584 285 2648 Ἐκ
310 2588 365 2648 τοῦ
389 2579 551 2666 λεγομένου
574 2579 699 2644 Ἰκονίου
724 2582 833 2660 στῆλαι
857 2572 967 2660 ἥκασιν
991 2577 1022 2644 ἓν
1045 2579 1283 2651 Κωνσταντι-Ε

134 2683 277 2753 νουπάλει
303 2691 457 2762 πλεῖσται,
483 2681 563 2748 καθ’
592 2679 632 2765 ἣν
658 2683 709 2744 καὶ
734 2686 790 2745 τοῦ
815 2678 894 2758 Διὸς
917 2683 949 2747 ἔν
972 2688 1016 2772 τῷ
1039 2679 1243 2773 Ἱπποδρομίῳ

136 2787 274 2869 σώζεται.
1022 2769 1025 2784 ’

243 2981 377 3046 Quattuor
402 2978 555 3046 Gorgones,
583 2983 614 3030 ut
634 2979 748 3044 vocant,
774 2973 884 3046 Epheso
910 2991 944 3029 ex
965 2975 1068 3030 Dianae
1083 2979 1180 3050 templo
1196 2980 1245 3034 ad-

137 3058 230 3106 vectae
248 3055 324 3118 sunt,
343 3049 372 3100 in
389 3046 498 3100 Chalces
515 3047 624 3100 delubro
642 3047 760 3113 locatae,
778 3045 824 3098 ubi
840 3046 943 3116 siguum
959 3047 1043 3100 crucis
1059 3047 1093 3100 iis
1110 3047 1244 3104 imminens

137 3123 177 3176 eri
196 3123 258 3175 itur.

178 3141 195 3192 g
240 3189 342 3242 Dianae
352 3183 477 3238 statuain
485 3183 664 3255 Hippodromo
673 3183 899 3247 crectacernitur‚
911 3180 957 3238 uhi
966 3184 1068 3256 pugiles
1077 3192 1243 3243 exercentur.

240 3260 272 3311 Iu
298 3256 396 3308 Chalce
420 3253 514 3324 palatii
537 3261 614 3325 porta
635 3255 751 3308 Zenonis
773 3259 802 3308 et
823 3252 967 3323 Ariadnes,
996 3273 1064 3324 quae
1088 3273 1145 3311 curu
1167 3259 1243 3328 prius

138 3328 271 3399 impudica
287 3327 398 3390 fuisset,
417 3331 492 3377 casta
509 3323 609 3378 demum
627 3327 727 3394 evasit,
744 3324 881 3395 pedestres
899 3328 1002 3378 statuae
1020 3325 1144 3380 columnis
1161 3327 1245 3400 impo-

138 3399 206 3452 sitae
222 3403 299 3464 eunt,
317 3393 412 3448 iambis
427 3393 548 3448 tristibus
566 3413 582 3448 a
598 3395 719 3448 Secundo
736 3393 890 3465 philosopho
908 3400 1062 3450 exornatae.

241 3469 341 3519 Statua
364 3463 397 3516 ad
419 3463 586 3535 Zeuxippum
608 3465 768 3535 respiciens,
795 3482 862 3535 quae
879 3464 980 3518 scilicet
997 3482 1012 3518 e
1029 3465 1135 3535 regione
1152 3466 1242 3536 posita

139 3543 197 3602 est,
215 3534 353 3589 iustiniani
371 3537 412 3587 cst
428 3539 456 3586 et
473 3535 644 3600 Theodoram
662 3552 740 3604 quam
752 3534 911 3588 lastinianus
928 3553 985 3588 cnm
1001 3535 1129 3606 erigeret,
1147 3537 1243 3590 faustis

138 3606 371 3659 acclamationibus
395 3611 521 3675 exceptus
543 3611 596 3673 est,
621 3605 786 3660 vociferante
799 3604 912 3658 Praeina
927 3605 1042 3658 faotione
1062 3599 1243 3659 “lastinianus

139 3682 167 3729 et
186 3675 377 3728 Constantinus
394 3673 458 3728 novi
475 3668 618 3748 apostoli.”
652 3675 700 3728 uhi
717 3675 793 3730 etiam
811 3673 912 3745 Sophia
927 3692 995 3730 uxor
1009 3675 1064 3729 eius
1079 3675 1242 3730 aPlumbnto

137 3745 292 3816 philosopho
310 3744 429 3798 iambicis
446 3745 567 3798 versibus
585 3745 718 3799 celebrata
737 3751 787 3799 cst.

240 3814 337 3868 Statua
369 3813 397 3866 in
429 3813 615 3868 vetustissimis
643 3815 750 3868 thermis
778 3812 909 3868 coloribus
936 3812 1056 3883 depicta,
1090 3813 1117 3866 id
1145 3815 1187 3865 est
1213 3810 1241 3862 in

137 3881 294 3954 Zeuxippo,
320 3883 462 3954 Philippici
484 3885 614 3940 mansueti
634 3892 687 3954 est,
714 3883 760 4006 (pai
781 3901 815 3936 ex
838 3883 988 3953 ignorantia
1009 3883 1123 3946 erravit3
1151 3888 1241 3950 atque,

137 3958 169 4004 ut
184 3953 264 4023 vulgo
283 3956 386 4022 fertur,
403 3955 465 4008 talis
482 3961 525 4010 est
540 3956 618 4026 quale
634 3971 724 4024 exemp
736 3970 765 4006 ar
778 3954 839 4009 fuit.
875 3953 1001 4008 artificem
1016 3954 1114 4024 quippe
1127 3950 1240 4019 pictores

135 4021 237 4142 {magni}
249 4022 384 4144 dlaudibus
405 4025 568 4095 exhalarunt,
595 4027 664 4097 quod
681 4024 796 4095 effigiem
814 4024 847 4078 ab
865 4023 1005 4095 exemplari
1021 4040 1074 4076 non
1091 4020 1241 4090 discrepan-

148 4106 188 4142 em
206 4109 220 4144 e
239 4091 247 4144 i
266 4093 328 4146 erit.

240 4161 329 4214 Iconio
349 4163 453 4234 (ipolim
474 4164 600 4236 plurimae
623 4168 727 4220 statuae
749 4163 917 4218 transmissae
933 4164 1009 4230 eunt,
1033 4172 1173 4229 equarum
1191 4175 1239 4212 uu-

135 4245 206 4284 mcro
224 4237 266 4284 est
281 4231 326 4285 illa
341 4234 427 4302 Iovis,
450 4252 518 4306 qnae
535 4236 562 4290 in
579 4235 758 4308 Hippodromo
774 4238 906 4306 superest.
