2808 4616
206 257 278 330 162
533 243 752 315 GEORGIUS
780 241 968 310 CODINUS

205 448 239 513 δὲ
264 445 316 510 καλ
340 438 435 524 αάτὴν
452 435 508 520 τὴν
524 432 620 521 μόνην
637 437 886 522 περιλειφθείσαν
903 433 945 508 εἰς
960 429 1118 514 βασιλείαν
1136 425 1233 492 αάτοῦ
1249 433 1312 510 βα-

203 549 306 619 σιλίδα
324 551 384 611 τῶν
401 537 517 608 πόλεων
532 549 597 617 τοῖς
612 539 763 615 Λατίνοις
778 536 926 624 πραέδοτο
934 583 944 616 ,
971 533 1064 611 αάτὸς
1082 528 1242 618 ἀνάνδρως
1259 535 1312 596 καὶ

205 649 365 740 ἀχρήστως
382 642 497 736 φυγάν.
547 651 602 712 τοῦ
618 644 678 730 γάρ
696 641 826 726 ἀνεψιοῦ
844 639 939 706 αὐτοῦ
957 639 1062 725 κυρίου
1076 636 1229 714 Ἀλεξίου,
1255 643 1312 702 τοῦ

204 757 274 822 victi
297 759 353 822 τοῦ
376 751 481 838 κυρίου
504 747 673 826 Ἰσαακίου,
700 743 850 834 φυγόντος
871 746 1031 821 ἐντεῦθεν,
1057 736 1249 816 ἀπελθόντος
1271 742 1314 816 εἰς

201 857 385 943 Ἀλαμανίαν
412 856 454 932 εἰς
479 852 531 919 τόν
558 851 608 918 ἐπ’
637 850 756 937 ἀδελφῇ
782 847 921 935 γαμβρὸν
948 846 1042 912 αάτυῦ
1067 843 1121 911 τόν
1148 845 1338 924 &circucat

206 971 261 1031 τοῦ
284 959 362 1046 μετά
385 955 494 1026 στόλον
518 956 691 1022 Λατινικοῢ
716 953 836 1040 βαρέως
857 949 1062 1028 ἀπελθόντος,
1087 945 1166 1030 μετά
1188 945 1222 1010 τδ
1245 948 1313 1012 ε’πι-

207 1071 400 1152 συναχθῆνοιι
431 1055 624 1144 πανταχόθεν
655 1057 727 1135 τοδς
754 1054 944 1144 στρατιώτας
968 1056 1019 1120 καὶ
1044 1047 1208 1140 σφαδάζειν
1232 1047 1312 1138 ὑπὲρ

170 1187 194 1240 D
210 1179 265 1256 τῆς
281 1169 429 1256 πατρίδος
447 1165 547 1232 αὐτῶν
554 1212 565 1244 ,
589 1163 726 1251 ἐφαίνετο
745 1161 836 1238 αάτδς
851 1158 970 1247 ἡμέραν
986 1161 1017 1236 ἐξ
1033 1153 1151 1244 ἡμέρας
1167 1153 1220 1221 τὸν
1237 1154 1314 1241 πρὸς

206 1277 279 1352 τοὺς
302 1273 460 1348 Λατίνους
483 1265 689 1355 ὑπερθέμενος
706 1262 848 1348 πόλεμον.
899 1263 985 1340 τέλος
1001 1258 1118 1345 νύκτωρ
1138 1256 1181 1335 ὡς
1198 1258 1313 1342 ὠνητὸν

208 1379 327 1466 ἀπέδρα
344 1370 548 1463 ἀνδράποδον.
599 1374 740 1452 εἰσῆλθεν
757 1361 811 1434 οάν
828 1367 881 1434 διά
896 1371 952 1450 τῆς
967 1365 1075 1442 νυκτὸς
1091 1365 1156 1428 ἐκεῖ
1169 1365 1212 1439 είς
1228 1361 1263 1428 τό
1282 1363 1312 1426 ἐν
1321 1374 1352 1428 10

208 1480 398 1566 Βλαχίρναις
420 1474 567 1542 παλάτιον
585 1472 601 1540 ὃ
619 1473 745 1558 ἀνεψιός
763 1474 858 1538 astos
874 1467 979 1558 κάριος
990 1469 1137 1546 Ἀλίξιος,
1165 1469 1216 1532 καὶ
1240 1465 1314 1549 ἀνη-

207 1583 342 1673 γορεάθη
368 1581 423 1648 σδν
445 1587 490 1670 τῷ
513 1582 605 1667 πατρί
630 1578 725 1644 αάτοῦ
752 1578 847 1666 κυρίῳ
867 1575 1025 1662 'locantem
1052 1573 1103 1636 καὶ
1121 1571 1313 1652 ἐβασίλευσεν

208 1688 259 1772 ίτη
276 1685 408 1770 *μῆνας
425 1681 458 1749 ε’.
500 1682 550 1749 ὅτε
568 1684 602 1748 δὲ
620 1679 702 1769 ἓιόρα
719 1677 736 1745 ὃ
751 1683 881 1764 χυδαῖος
898 1681 995 1762 δῆμος
1013 1675 1201 1750 αὐθεντικιῦς
1218 1678 1315 1759 εἰσερ-

205 1791 354 1876 χομένους
379 1791 410 1854 ἓν
433 1794 476 1876 τῷ
499 1783 621 1875 μεγάλῳ
639 1785 778 1872 παλατίρι
797 1782 869 1860 τοδς
884 1783 1044 1858 Λατίνους
1061 1782 1110 1844 καὶ
1124 1779 1202 1862 μίγα
1220 1777 1317 1842 κακδν

207 1901 320 1962 παθεῖν
343 1895 376 1971 ἐξ
399 1890 500 1957 αάτῶν
520 1886 738 1968 ἀπιόπτευσαν,
764 1885 782 1952 ὃ
805 1889 856 1952 καλ
880 1888 912 1964 ἐξ
934 1884 1174 1966 ἀποτελέσματος
1195 1881 1316 1964 ἀληθὲς
1324 1895 1354 1950 15

207 1997 325 2088 ἐφάνη,
342 2001 498 2080 συνῆλθον
515 1995 546 2059 ἐν
562 1999 601 2082 τῇ
617 1989 734 2080 μεγάλῃ
752 1991 911 2082 ἐκκλησία,
930 1991 981 2054 καὶ
997 1989 1075 2072 μετά
1091 1983 1203 2062 πολλάς
1220 1983 1317 2068 ἀχλή-

207 2127 271 2182 σεις
294 2104 346 2169 καὶ
370 2099 557 2174 ἀναστασίας
581 2095 787 2183 ἀνηγόρευσαν
810 2094 941 2177 βασιλέα
962 2092 1015 2158 τόν
1038 2089 1186 2174 σεβαστόν
1210 2086 1317 2175 κόριον

207 2202 363 2272 Νικόλαον
387 2202 441 2268 τδν
464 2197 627 2283 Καναβόν,
652 2202 703 2264 καὶ
728 2196 884 2286 διήρκεσεν
908 2195 925 2262 ὁ
949 2195 1041 2272 καλός
1063 2196 1173 2270 ἐκεῖνος
1190 2191 1317 2279 ἀνθρω-

120 2321 141 2376 Ρ
158 2318 193 2376 82
209 2332 268 2383 νιος
289 2309 477 2371 κακοπαθῶν
504 2304 536 2368 ἐν
558 2309 596 2390 τῇ
620 2300 736 2387 μεγάλῃ
760 2303 902 2391 ἐκκλησίην
921 2298 1072 2386 ὀλιγίστας
1089 2297 1174 2374 τινάς
1190 2294 1316 2382 ἡμέρας.

208 2405 365 2495 μαθόντες
387 2407 447 2494 γάρ
472 2409 569 2472 ταῦτα
594 2405 624 2469 oi
646 2405 678 2469 ἐν
700 2411 743 2492 τῷ
768 2406 905 2492 παλατίῳ
920 2405 974 2470 τὸν
990 2404 1044 2487 μὲν
1061 2401 1166 2490 κόριον
1184 2401 1353 2477 Ἂλίξιοντο

208 2513 407 2602 παρίστειλαν
422 2515 477 2593 τῆς
493 2508 605 2596 ἀρχῆς,
630 2507 684 2572 τόν
701 2509 735 2572 δὲ
751 2506 877 2573 Δοόκαν
894 2505 999 2592 κόριον
1011 2507 1143 2586 Ἀλίξιον
1159 2505 1214 2572 τὸν
1231 2501 1316 2590 λεγό-

209 2642 300 2700 μενον
315 2612 563 2703 Μοόρτζουφλον
581 2609 802 2698 ἀνηγόρευσαν,
829 2614 880 2675 καὶ
902 2611 982 2678 σάτον
999 2610 1078 2676 κατά
1094 2609 1205 2698 μικρὸν
1223 2609 1316 2694 ἀπέρ-

211 2743 323 2809 ρευσαν
346 2719 381 2786 τδ
406 2723 528 2802 πλῆθος
554 2713 614 2782 ἀπὸ
637 2721 695 2800 τῆς
717 2717 876 2798 ἐκκλησίας
893 2718 935 2792 εἷς
950 2715 985 2781 τδ
1004 2710 1152 2780 παλάτιον
1169 2713 1249 2801 πρὸς
1265 2711 1315 2778 τὸν

281 2876 373 2949 sets]
393 2874 426 2934 δλ
443 2874 505 2941 elci
628 2877 714 2934 6τοῦ
731 2907 770 2966 -3
783 2870 974 2964 ἀηελθόντος]
992 2873 1091 2961 κοίῃ-
1108 2871 1315 2936 κατελθόντοελ

281 2951 300 3008 9
315 2945 553 3022 ἀπερτιθέμενοςλ
675 2949 710 3003 10
728 2947 757 3000 δι
787 2965 874 3016 corpe
890 2963 991 3009 νυκτος
1008 2947 1063 3002 abr.

212 3089 272 3158 ipsa
288 3085 392 3140 urbium
407 3085 499 3155 regina
516 3084 622 3154 Opolis,
639 3099 707 3156 quae
724 3084 779 3137 sola
794 3083 823 3136 in
838 3083 1006 3155 imperatoris
1022 3087 1157 3154 potestate
1169 3085 1318 3153 supererat,

211 3154 285 3225 turpi
308 3155 390 3225 ipsius
413 3161 442 3208 et
461 3155 550 3208 inutili
573 3156 635 3224 lugo
656 3155 761 3208 Latinis
783 3154 891 3223 prodita
913 3159 965 3208 est.
1000 3171 1057 3208 cum
1074 3155 1142 3208 enim
1160 3167 1245 3222 nepos
1262 3151 1318 3204 eius

213 3224 332 3279 dominns
353 3225 460 3278 Alcuius
485 3224 584 3278 domini
603 3225 699 3277 Isaacii
715 3224 800 3291 lilius,
826 3223 917 3294 quiin
934 3224 1093 3277 Alemoniam
1110 3224 1269 3291 confugerat
1284 3220 1318 3274 ad

212 3293 360 3364 Philippum
382 3295 482 3351 sororis
497 3312 561 3347 suae
578 3294 711 3360 maritum,
739 3293 855 3346 collectis
872 3295 989 3363 undique
1006 3295 1132 3347 militibus
1150 3309 1208 3346 cum
1225 3305 1320 3359 magna

212 3363 363 3417 Latinorum
387 3365 470 3417 classe
497 3364 561 3418 inde
583 3365 766 3416 reverteretur
789 3363 823 3416 de
846 3364 935 3432 patria
957 3364 1010 3417 sibi
1028 3371 1121 3434 erepta
1137 3363 1319 3426 dimicaturus,

212 3432 296 3502 primo
314 3433 417 3504 quidem
432 3434 577 3504 imperator
592 3433 688 3486 bellum
706 3433 831 3487 adversus
847 3433 957 3486 Latinos
974 3435 1008 3486 do
1026 3433 1071 3488 dio
1086 3435 1114 3487 in
1127 3433 1196 3486 diem
1208 3430 1320 3484 differre

213 3502 369 3570 uidebatur,
394 3503 494 3557 demum
516 3519 582 3556 vero
607 3519 655 3573 per
678 3506 782 3555 noctem
807 3503 884 3572 quasi
908 3505 1001 3556 venale
1024 3503 1180 3573 mancipium
1203 3500 1319 3568 aufugit.

213 3587 297 3640 quere
320 3589 401 3640 nepos
425 3573 480 3626 eius
498 3571 615 3625 dominus
630 3570 739 3626 Alexius
756 3578 836 3625 noctu
852 3574 977 3643 palatium
993 3575 1198 3627 Blachernarum
1213 3571 1321 3640 ingres·

216 3658 261 3694 sus
287 3647 314 3694 et
337 3658 394 3694 cum
415 3647 493 3710 patre
514 3659 561 3694 suo
579 3643 682 3694 domino
698 3642 799 3694 Isaacio
816 3643 960 3712 imperator
974 3644 1106 3698 salutatus
1124 3648 1179 3710 est,
1204 3639 1321 3710 impers-

215 3711 308 3779 vitque
330 3727 433 3763 menses
457 3713 484 3765 5.
520 3712 594 3780 plebs
617 3729 681 3764 vero
700 3729 757 3764 cum
773 3711 883 3766 Latinos
899 3731 948 3782 pro
966 3713 1041 3766 libito
1057 3729 1177 3783 magnum
1193 3710 1321 3780 palatium

212 3781 313 3834 intrare
336 3779 454 3848 videret,
482 3786 510 3836 et
531 3781 601 3850 quod
617 3787 712 3852 postea
729 3789 840 3835 eventus
857 3785 1053 3852 comprobavit,
1079 3801 1108 3836 se
1126 3798 1247 3853 magnum
1263 3789 1322 3832 ma·

213 3851 265 3903 lom
290 3850 324 3902 ab
349 3849 382 3902 iis
407 3867 533 3919 passuros
558 3869 617 3905 esse
639 3851 815 3918 coniectaret,
840 3850 868 3904 in
891 3869 1008 3922 magnam
1031 3853 1167 3906 ecclesiam
1184 3847 1321 3914 convenit,

214 3925 242 3972 et
264 3924 327 3988 post
348 3919 441 3972 multas
457 3923 551 3974 turbas
568 3925 597 3974 et
613 3921 829 3974 tumultuationes
843 3921 1028 3993 imperatorem
1044 3923 1172 3976 salutavit
1189 3918 1321 3973 dominum

213 3988 351 4043 Nicolaum
376 3989 526 4056 Cenabum,
553 3990 598 4060 qui
620 3991 788 4061 paucissimos
805 3990 861 4042 dies
878 4008 1034 4046 aerumnosa
1050 3993 1079 4045 in
1095 3991 1209 4045 ecclesia
1224 4003 1322 4057 magns

213 4060 367 4128 permansit.
402 4057 445 4110 his
469 4059 536 4111 enim
554 4061 588 4111 de
604 4062 683 4114 rebus
700 4061 826 4114 certiores
843 4061 909 4114 facti
926 4062 973 4130 qui
990 4068 1065 4116 erant
1081 4062 1108 4114 in
1126 4061 1245 4133 palatio,
1272 4059 1320 4111 do-

213 4128 309 4184 minum
331 4127 451 4182 Alexium
474 4127 585 4196 imperio
610 4130 780 4196 abdicarunt,
808 4133 836 4182 et
853 4129 911 4184 eins
927 4132 985 4185 loco
1003 4134 1190 4201 imperatorem
1208 4146 1322 4184 creave-

213 4203 275 4250 runt
291 4198 420 4252 dominum
438 4195 558 4250 Alexium
571 4197 671 4252 Ducam
684 4199 887 4269 Murtzuphlum.
922 4203 1001 4271 paulo
1016 4203 1109 4272 itaque
1124 4209 1188 4274 post
1204 4199 1321 4272 populus

214 4263 247 4316 ab
269 4268 383 4326 ecclesia
403 4267 432 4322 in
452 4267 579 4338 palatium
601 4267 722 4324 discessit
744 4269 779 4324 ad
801 4269 932 4326 dominum
948 4271 1069 4326 Alexium
1085 4271 1200 4338 Ducam
1227 4275 1323 4341 capto-
