2814 4608
463 229 519 294 AD
548 227 747 294 CODINUM
771 229 928 296 NOTAE.
1175 233 1249 306 247

142 430 236 492 quam
256 411 348 490 paulo
369 418 437 488 post
459 353 560 467 dicit
550 427 584 466 m
602 407 711 470 eodem
724 409 790 467 foro
807 411 984 470 collocatam
997 411 1251 474 1111111111οωί-

143 509 247 556 natam
270 495 287 558 d
306 491 410 602 μιαρδς
430 487 611 595 asperrimos.
656 506 808 553 caeterum
830 495 938 554 Cadini
958 497 1064 573 verbs,
1086 494 1121 562 το“
1139 495 1251 564 καλού-

144 607 235 663 μενον
260 573 437 662 στρατήγιον
461 573 554 660 στήλη
576 574 873 663 ἐστ1νἈλεξοὶνδρον
894 585 950 644 τοῦ
971 580 1200 660 Μακεδόνος
1176 611 1251 688 aa
1218 587 1251 650 ἐν

141 691 183 752 τῳ
212 663 330 750 μεγάλῳ
358 662 516 767 ἱσταμένη,
545 671 756 774 praeterquam
782 676 817 724 ut
843 686 934 748 supra
953 667 1129 744 emendavi,
1160 673 1251 732 etiam

141 731 199 812 hoo
222 751 312 811 modo
333 753 442 855 corrigi
464 761 608 830 possunt.
631 747 665 814 τδ
688 747 876 831 καλούμενον
898 748 1092 856 στρατήγιον,
1114 753 1136 833 ἦ
1157 751 1250 837 στήλη

139 864 161 920 η
154 837 217 900 ‘lv
238 841 282 918 τρῖ
303 829 420 918 μεγάλῳ
441 836 703 916 alacrimoniam
737 837 817 900 ἐστὶν
843 832 1050 920 Ἀλεξάνδρου.
1092 841 1249 902 familiaris

140 923 306 982 admodum
327 933 373 982 est
395 920 510 982 Codino
531 919 582 980 hic
602 921 774 1030 loqpendi
769 921 886 982 modus.
932 926 976 982 sic
997 927 1110 1004 passim
1130 923 1163 989 τδ
1182 921 1249 992 Ad-

138 1015 310 1092 μοαστεῖον,
333 1033 367 1072 το
360 1005 606 1086 anteiit-(psov,
627 1004 665 1070 roi
686 1003 843 1083 nonduin,
866 1032 882 1072 ο
874 1006 995 1090 ‘doda
1016 1031 1105 1090 pros
1091 1013 1197 1072 statuis
1219 1025 1249 1073 et

136 1116 192 1176 pro
220 1095 332 1154 losis'
322 1115 356 1154 nr
385 1094 493 1174 quibus
514 1095 584 1152 illae
606 1095 723 1172 positae
744 1105 831 1169 sunt,
861 1096 1031 1174 promiscue
1053 1099 1247 1176 accipiuntur.

138 1201 230 1261 quare
251 1179 324 1238 ferri
345 1178 468 1260 quidem
490 1181 637 1258 posterior
656 1179 732 1239 haec
754 1179 925 1240 emendatio
946 1191 1060 1261 potest,
1092 1183 1146 1242 sed
1167 1186 1248 1264 prior

137 1264 334 1347 praeferende
356 1275 412 1324 est.
457 1267 554 1324 Laus.

221 1393 251 1450 p.
272 1368 313 1434 48
332 1389 361 1434 r.
382 1370 431 1435 10.
475 1365 552 1453 δόμα
572 1372 693 1430 Graecis
711 1373 924 1431 recentioribus
942 1371 1051 1432 dicitur
1065 1373 1247 1451 stipendium

138 1467 168 1516 et
189 1457 375 1518 donativum.
418 1456 490 1516 inde
512 1453 663 1539 ῥογτδειν,
686 1457 769 1538 quod
790 1468 835 1516 est
856 1478 985 1537 erogare.
1029 1461 1126 1518 Lanae.

222 1585 253 1645 p.
275 1560 317 1626 49
341 1583 371 1622 1.
395 1563 446 1628 10.
489 1561 678 1646 Βιγλεντίος]
715 1565 851 1644 loquitur
882 1563 920 1621 de
950 1563 1113 1641 vigilantio
1144 1585 1245 1625 sorore

136 1650 295 1722 Iustiniani
317 1650 522 1728 imperatoris,
543 1661 639 1708 matre
659 1651 769 1708 Iustini
789 1649 923 1711 secundi.
967 1652 1064 1710 Lana.

219 1778 251 1836 p.
273 1753 314 1818 49
338 1776 367 1818 1.
388 1757 439 1818 11.
481 1751 639 1857 γράμματα
656 1757 718 1816 τῶν
734 1750 918 1836 μελλόντων]
940 1755 1155 1834 intelligendus
1174 1769 1244 1818 sunt

134 1845 240 1922 procul
262 1841 353 1902 dubio
374 1842 584 1922 inscriptiones
606 1839 728 1902 basibus
749 1852 918 1904 statuarum
938 1841 1116 1921 insculptae.
1149 1845 1243 1904 nure.

218 1971 249 2029 p.
269 1949 311 2013 49
333 1969 361 2010 1.
384 1949 435 2012 15.
479 1947 687 2030 φέρονσα-
715 1951 753 2035 τῇ
782 1947 876 2029 χειρὶ]
914 1950 1057 2028 antiquus
1088 1967 1155 2008 mos
1187 1961 1243 2027 ast,

133 2031 285 2116 hodieque
318 2035 518 2136 observatura
546 2045 580 2093 nt
610 2035 697 2092 novis
728 2033 872 2093 aedificiis
905 2031 1095 2094 exstruendis
1127 2035 1243 2112 primus

133 2140 259 2180 manum
286 2118 446 2180 admoveat
472 2121 557 2179 cuius
577 2122 738 2188 auotoritas
760 2130 925 2180 structurae
945 2129 1074 2199 praeest.
1118 2121 1242 2183 Sueten.

131 2206 164 2262 in
185 2208 403 2288 Vespasiano'
390 2225 453 2284 epse
471 2208 571 2286 inquit
588 2208 802 2269 restitutionem
821 2207 966 2283 Capitolii
977 2225 1138 2284 aggressus
1150 2208 1243 2264 rude-

133 2290 218 2350 ribus
235 2292 409 2372 purgandis
429 2313 538 2350 manus
553 2294 676 2370 primus
695 2291 844 2362 admovit,
867 2312 906 2349 ac
924 2311 978 2348 suo
996 2290 1073 2349 colla
1092 2292 1242 2368 quaedam

132 2379 247 2436 extulit.
291 2377 373 2435 idem
399 2379 432 2434 in
458 2381 593 2436 Nerones
626 2378 660 2434 in
688 2375 814 2434 Achaia
839 2375 989 2434 Isthmum
1003 2377 1161 2454 perfodere
1181 2399 1241 2456 ag-

128 2484 251 2541 gressus
274 2466 394 2542 primas
419 2462 542 2520 rastello
569 2462 697 2520 humum
726 2462 831 2544 effodit
857 2473 887 2520 et
914 2461 1039 2520 ambula
1068 2473 1240 2540 congestam

129 2549 263 2606 humeris
291 2548 405 2606 extralit.
449 2551 483 2606 in
510 2549 641 2626 antiquis
663 2548 736 2607 actis
758 2548 874 2606 Latinis
897 2547 928 2606 S.
948 2548 1087 2608 Silvestri
1107 2567 1203 2628 papae
1225 2552 1240 2608 1

130 2635 231 2692 simile
253 2632 327 2712 quid
347 2642 486 2690 narratur
507 2629 545 2692 de
567 2633 764 2690 Constantino
781 2651 893 2709 magno
908 2634 1048 2692 basilicas
1063 2635 1240 2692 Vetioanarn

130 2729 161 2776 et
181 2721 417 2776 Lateranensem
438 2717 587 2794 erigente:
616 2735 726 2774 exuens
745 2736 777 2776 se
798 2716 955 2795 chlamyde
977 2729 1004 2775 et
1022 2720 1173 2794 accuriens
1193 2718 1240 2776 bi-

130 2803 262 2872 dentem,
282 2813 392 2860 terram
409 2803 527 2878 primus
546 2803 666 2878 aperuit
685 2803 728 2860 ad
739 2801 981 2880 fundamentum
1002 2800 1146 2861 basilicae
1167 2823 1240 2861 oon-

129 2886 314 2948 struendum.
358 2885 468 2944 dehinc
492 2889 525 2944 in
550 2907 706 2944 numerum
727 2887 883 2944 duodecim
903 2886 1105 2964 apostolorum
1126 2887 1240 2946 duode-

130 2977 190 3032 cim
219 2973 362 3051 cophinos
383 2972 491 3050 plenos
511 2974 574 3031 suis
594 2973 727 3031 humeris
747 2974 915 3050 suppositos
936 2971 1096 3032 baiulavit.
1142 2973 1240 3030 altera

128 3081 198 3119 vero
231 3060 280 3118 die
309 3059 446 3118 similiter
477 3059 559 3116 intra
582 3058 738 3137 palatium
764 3079 855 3118 suum
874 3059 1077 3120 Lateranense
1097 3056 1240 3116 basilicae

120 3145 281 3227 fabricam
314 3148 419 3223 coquit.
461 3146 494 3202 in
527 3147 600 3204 notis
631 3145 752 3202 Graecis
786 3143 824 3204 de
855 3145 1067 3202 Laterenensis
1096 3143 1237 3203 basilicae

129 3235 278 3290 erectione
309 3231 457 3336 prolixius
487 3233 587 3308 egitur
614 3228 663 3290 his
692 3229 809 3290 verbis:
844 3229 897 3291 ira
918 3226 951 3292 δὲ
972 3233 1048 3291 πᾶσι
1067 3226 1238 3306 καταφανὲς

127 3317 250 3422 γένηται
279 3314 309 3390 ἐξ
326 3309 413 3420 udins
441 3320 544 3396 ψυχῆς
574 3309 667 3378 adada
693 3313 939 3392 πεπιστευκέναι,
971 3313 1003 3376 dv
1032 3317 1075 3398 epi
1101 3315 1235 3400 παλατίρι

129 3397 223 3466 edroi
244 3401 278 3464 ἐν
297 3405 339 3486 τῷ
361 3401 509 3508 λεγομένῳ
527 3401 723 3508 Λατερνησίμ
741 3397 844 3482 λαβδν
865 3401 929 3463 δίκε
931 3403 1004 3475 λλον
1022 3375 1148 3504 οἶ1ιείαιρ
1167 3423 1234 3482 χερ-

128 3487 178 3551 σὶν
200 3481 293 3560 ον’τδς
312 3491 432 3569 πρῶτος
452 3481 603 3568 ἤρξατο’
585 3481 741 3570 opticeat,
762 3485 815 3549 aab
837 3481 1010 3593 διαμραφήν
1029 3479 1236 3564 ποιησάμενος

126 3573 314 3679 προσέταξεν
326 3573 485 3654 desinatur
505 3573 752 3654 οἰκοδομηθῆναι
771 3571 820 3636 snt
841 3575 882 3634 soi
902 3565 1030 3652 σ’νδματι
1047 3594 1101 3634 του
1089 3568 1234 3634 δεσπό-

127 3683 180 3722 του
199 3658 289 3740 ἦμοῖν
305 3652 404 3739 Ἰησοῦ
423 3663 566 3739 Χριστοῦ.
610 3655 691 3740 quod
708 3661 801 3738 igitur
820 3635 870 3716 de
872 3660 1055 3738 Vespasiano
1071 3667 1102 3716 et
1114 3659 1233 3716 Nerone

127 3747 289 3805 Suetonius
319 3755 350 3803 et
379 3744 417 3803 de
445 3745 642 3804 Constantino
662 3745 790 3806 Actes.
813 3743 950 3805 Silvestri
970 3744 1119 3818 referunt,
1150 3741 1233 3800 idem

126 3834 232 3910 procul
261 3831 353 3891 dubio
381 3831 453 3890 fecit
478 3829 688 3910 Eleutherius‚
717 3849 810 3912 quem
826 3839 931 3910 portus
949 3829 1016 3888 ab
1006 3849 1073 3909 rpso
1094 3827 1234 3888 denomi-

125 3919 191 3974 nati
217 3925 381 3977 structurae
403 3917 616 3977 Constantinus
636 3937 765 4002 magnus
787 3919 979 3998 praefecerat.
1020 3925 1055 3978 ut
1076 3924 1179 3976 autem
1199 3931 1233 3972 se

126 4001 186 4060 hoo
213 4001 320 4062 fecisse
347 4013 523 4078 testaretur,
553 4013 682 4062 statuam
708 4023 796 4062 suem
814 4003 859 4062 ibi
878 4003 992 4078 erexit,
1021 4019 1098 4080 quae
1124 3996 1234 4058 dextra

125 4091 262 4166 ligonem
289 4099 319 4146 et
343 4091 463 4150 sinistro
483 4087 611 4150 humero
632 4090 782 4169 scapulari
801 4097 879 4148 teoto
899 4046 1036 4166 gestabat
1056 4081 1232 4184 cophinum.

125 4173 202 4232 hese
231 4175 285 4232 ilia
314 4183 359 4232 est
386 4195 479 4256 quam
506 4187 538 4235 et
565 4173 624 4236 hoo
645 4177 712 4235 loco
735 4173 875 4235 describit
896 4172 1028 4232 eodinus
1049 4178 1078 4228 et
1098 4169 1132 4226 in
1151 4169 1259 4228 libro

125 4261 162 4319 de
183 4259 329 4335 aedificas
350 4279 379 4338 p
398 4259 547 4329 10414
581 4255 763 4326 arcnosi-roo
786 4279 855 4320 tero
877 4255 1009 4316 Codinus
1034 4263 1121 4314 vocet
1140 4263 1229 4332 tegu-
