2814 4608
469 217 525 282 11]
553 217 749 284 CODINUM
773 218 927 286 NOTAE.
1172 223 1245 294 213

231 417 263 477 p·
285 401 305 461 6
326 418 355 458 v.
377 401 406 462 8.
450 391 609 477 ἱστάμενον
630 391 715 470 ἐντος
734 401 792 460 τοῦ
812 398 944 480 τείχους]
965 400 1061 460 scribe
1081 407 1145 478 τοῖς
1163 402 1246 480 ίντός

147 483 318 564 ἱσταμένοις
337 487 392 545 τοῦ
411 483 540 563 τείχους,
562 493 597 541 ut
617 483 782 542 referantur
802 481 877 541 haec
894 486 985 543 verba
1002 505 1065 547 non
1082 486 1122 546 ad
1139 493 1246 550 turrim

144 571 283 628 Herculis
318 567 372 628 sed
407 566 446 625 ed
481 568 563 627 urbis
598 568 721 630 incolas.
769 569 946 628 confirmant
976 568 1055 629 hunc
1084 574 1245 634 lectionem

143 653 313 734 Hesychius
348 663 378 711 et
411 653 615 732 fragmentum
650 651 826 713 historicum
859 653 896 712 de
929 657 1060 716 turribus
1091 662 1244 721 vocalibus

142 739 295 819 Byzantii,
318 736 400 820 quod
421 758 462 798 ex
483 741 606 842 antiquo
627 737 730 796 codice
750 737 950 798 bibliothecae
971 744 1082 820 Regiae
1103 743 1244 852 deprom-

141 835 240 928 ptum
254 822 315 882 huc
340 825 478 903 apposui.
522 818 568 888 ὅτι
588 819 724 898 Βιίζας
705 848 721 886 ο
743 820 778 888 w*
799 820 964 899 Βυζάντιον
984 831 1087 902 κτίσας
1107 851 1143 910 τη
1146 853 1165 892 ν
1184 827 1244 894 πό-

140 913 189 971 λιν
219 902 379 992 οἶνήγειρεν
408 910 514 1014 τείχεσι
541 902 680 1011 μεγάλοις
708 908 760 971 καί
786 905 914 1011 666606
932 911 1137 1020 περικαλλέσιν
1158 912 1242 979 ἑπτά.

139 992 228 1068 ξένον
250 994 284 1058 66
304 1017 372 1057 τινα
392 992 444 1056 καί
465 987 712 1072 οἷξιοθαιίμαοτον
731 994 766 1100 66
784 989 893 1076 πιίργοι
916 988 1000 1059 οὗτοι
1016 994 1072 1078 τήν
1083 997 1243 1105 ἐνέργειαν

140 1073 231 1158 εἶχον.
276 1079 374 1143 είποτι
401 1102 459 1182 γαρ
481 1097 556 1184 φιρστ
578 1073 746 1186 «μοι’λτιιγᾘ1
725 1104 745 1158 6
768 1078 860 1160 φωνή
866 1104 924 1228 ἕτις
944 1079 1044 1164 ἑτέρα,
1071 1077 1241 1189 66666‘606

138 1187 230 1244 τυχον
249 1189 269 1245 η
295 1159 387 1226 ίίλλου
408 1157 529 1238 tc'oc'*
506 1189 530 1269 6
549 1187 600 1226 και
618 1165 711 1227 λίθον
715 1164 881 1271 βολῆς,έ
881 1162 935 1238 νιίς
952 1171 1014 1229 τῶν
1032 1164 1105 1230 έπτολ
1124 1165 1240 1234 τούτων

137 1247 263 1358 τιιίργοιν
293 1247 462 1356 ίκεγένετο,
489 1242 593 1351 66669
620 1249 663 1322 είς
688 1245 742 1312 τιίν
769 1244 835 1329 μετ’
856 1245 948 1313 αιίτόν
969 1249 986 1313 6
1004 1243 1077 1332 ἦχος
1098 1253 1143 1316 διέ
1143 1257 1238 1335 βαινε,

136 1333 190 1396 και
218 1335 352 1439 κρθεξῆς
380 1329 431 1396 διοί
461 1337 521 1396 τῶν
549 1327 647 1396 ι’ίλλοιν
670 1333 760 1434 μέχρι
786 1339 843 1397 τοῦ
868 1331 995 1414 ἐσχάτου
1023 1338 1239 1420 παρεπέμπετο,

136 1414 290 1522 καθαρὸς
297 1412 360 1526 οἷρς
379 1411 451 1494 έξ’
430 1422 524 1500 αρχῆς
541 1412 741 1526 666666666
765 1418 821 1480 ιίτε
839 1417 987 1500 ἔναρθρος
1004 1421 1061 1484 είτε
1077 1421 1164 1486 καλ”
1143 1449 1240 1508 αναρ-

136 1510 225 1584 θρος.
269 1497 344 1565 α’λλοί
375 1502 427 1566 καί
458 1502 477 1566 6
509 1497 552 1576 είς
579 1507 641 1564 τοῖν
668 1499 741 1565 ἓπτολ
762 1498 877 1566 τούτων
898 1502 1039 1586 πύργων,
1074 1505 1164 1611 6666
1183 1514 1240 1572 τοῦ

135 1586 294 1698 ‘166666663
312 1581 512 1694 καλοιίμενρς,
540 1584 576 1648 τοί
597 1592 658 1690 666
679 1590 830 1668 πολεμίων
852 1589 966 1664 ίξωθεν
987 1588 1153 1674 μυστήρια,
1176 1598 1239 1657 τοῖν

137 1675 182 1747 είς
209 1674 385 1781 τιολιρρκίαν
411 1669 499 1780 τρχὸν
526 1675 580 1775 τρῖς
607 1663 723 1746 πόλεως
749 1672 993 1754 καθισταμένων,
1025 1675 1116 1824 66666
1142 1678 1238 1742 ἐποίει

136 1764 199 1832 τοῖς
226 1757 311 1834 ένιιίς
337 1757 390 1822 καί
419 1749 562 1864 6606666.
605 1757 708 1862 ιδρυτρ
730 1755 800 1820 66‘
784 1785 799 1822 ο
803 1763 934 1863 πῦρμος
955 1754 1078 1834 οὗτοςέ
1079 1765 1162 1846 666
1181 1767 1237 1843 τῆς

134 1838 327 1923 α’κροπόλεοις
348 1838 449 1927 λόφῳ,
479 1839 513 1916 ὃς
533 1845 592 1905 νῦν
614 1839 774 1924 Kcv6yccv
795 1837 979 1924 ὀνομάζεται.
1024 1856 1175 1906 caeterum
1196 1870 1237 1907 ex

132 1927 191 1987 hoc
218 1932 386 2009 fragmento
408 1939 438 1988 et
459 1929 668 2009 antiquissimo
690 1927 792 1988 codice
811 1930 949 1988 Palatino
967 1929 1135 2008 Hesychius
1160 1952 1236 2039 quo-

134 2034 192 2094 que
211 2013 417 2118 ”corrigendus
445 2024 506 2088 est,
524 2011 616 2118 apud
638 2033 730 2094 quem
750 2033 908 2116 perperam
927 2015 1036 2093 legitur
1056 2011 1236 2100 σάλπιγξιῆ

133 2103 225 2184 φωνῇ
245 2123 290 2173 τις
311 2097 396 2183 ἑτέρᾳ
415 2118 470 2178 pro
493 2057 662 2181 6666*
638 2123 660 2178 6
683 2092 775 2178 φωνή
795 2121 841 2172 τις
860 2097 951 2178 ἕτέρα
992 2102 1097 2162 Lm.

216 2205 247 2263 p.
269 2187 339 2247 6v
362 2185 412 2248 13.
457 2185 572 2263 Μηνᾶ]
596 2182 633 2241 de
654 2181 713 2243 hoc
733 2185 824 2241 Mene
844 2184 923 2243 infra
944 2181 1089 2243 dicemus.
1112 2187 1233 2247 Mnuns.

132 2289 236 2328 sensus
266 2279 328 2346 est,
357 2269 507 2348 templum
533 2269 700 2347 Neptuni'
691 2289 723 2324 ιιι
753 2267 859 2326 eedem
886 2269 967 2328 urbis
996 2271 1117 2348 regione
1138 2272 1233 2330 fuisse

131 2356 184 2411 ubi
210 2366 316 2434 postea
343 2355 377 2414 S.
401 2357 509 2412 Menae
534 2352 661 2433 martyri
681 2351 771 2412 aedes
793 2352 891 2412 dicate
913 2365 967 2416 est.
1011 2375 1102 2436 quure
1122 2357 1233 2416 frustra

131 2440 273 2498 obiiciunt
305 2437 430 2524 quidam
462 2435 612 2498 Codinum
643 2437 741 2496 dicere
774 2437 855 2519 quod
885 2440 1034 2518 templum
1063 2441 1096 2505 S.
1125 2441 1231 2500 Menae

130 2536 218 2582 antea
238 2525 317 2585 Iovis
336 2527 443 2584 fenum
463 2525 564 2584 suerit.
606 2543 678 2582 num
698 2524 770 2582 licet
789 2521 849 2584 hcc
869 2545 974 2583 verum
995 2527 1048 2599 sit,
1077 2545 1139 2585 non
1158 2547 1232 2606 prc-

128 2621 232 2688 pterea
259 2613 394 2690 sequitur
418 2611 548 2667 alterum
568 2610 679 2666 fulsum
700 2629 783 2683 esse,
813 2629 883 2666 cum
903 2608 986 2668 idem
1005 2612 1156 2690 templum
1177 2633 1231 2671 eo·

130 2694 201 2750 dem
222 2705 357 2772 tempore
380 2703 411 2751 et
430 2695 509 2753 Iovis
530 2693 638 2750 fanum
659 2711 724 2751 esse
745 2655 891 2770 p6tuerit‚
917 2705 946 2752 et
967 2696 1000 2752 in
1022 2695 1128 2754 eadem
1148 2699 1229 2757 urbis

130 2781 253 2856 regione
286 2787 473 2838 exstructum
507 2796 573 2838 esse
600 2780 633 2835 in
663 2795 722 2857 qua
751 2779 882 2857 Neptuni
906 2779 1011 2837 fenum
1038 2782 1130 2839 situm
1156 2793 1228 2846 erut.

127 2866 230 2922 Ιιιιιιι.

212 2969 243 3029 p
262 2951 332 3012 cv.
354 2951 404 3014 17.
447 2947 649 3032 Στρατηγίον]
671 2949 799 3009 Severus
817 2958 923 3029 postea
939 2950 1124 3010 restauravit.
1157 2949 1227 3009 vide

127 3031 203 3094 Suid
205 3054 255 3092 am
275 3033 309 3092 in
329 3035 475 3116 Σεβῆρος.
517 3035 640 3096 Mncns.

211 3141 242 3199 p.
262 3121 331 3181 6v.
351 3123 403 3183 20.
446 3122 578 3198 Σνκαῖς]
607 3120 755 3200 palatium
781 3129 852 3181 erat.
901 3119 1002 3182 Victor
1027 3120 1225 3180 Oumunensis

126 3204 159 3260 in
188 3203 574 3264 01ιιοοίοο·Τίιεοιίοειίιο
606 3205 693 3283 cpoli
723 3206 824 3283 Sugas
850 3205 1003 3284 relegatus
1031 3217 1124 3264 totum
1149 3228 1226 3284 pene

122 3289 276 3366 palatium
304 3301 332 3348 et
356 3292 522 3347 maximam
540 3292 640 3368 regiae
660 3289 744 3347 urbis
758 3300 875 3367 partem
895 3311 952 3349 οιια
966 3291 1099 3369 perfidia
1119 3313 1225 3350 macu-

126 3375 211 3440 ίσνὶι
256 3385 285 3434 et
314 3377 346 3433 in
375 3377 543 3456 propinquo
569 3385 682 3455 portus.
726 3375 824 3433 Streb.
842 3377 906 3436 l.'⁴
890 3394 922 3437 ιι
956 3376 1005 3439 έπί
1031 3372 1084 3440 τίν
1111 3375 1161 3439 ἐπί
1171 3380 1225 3478 66

126 3464 205 3546 συκῇ
230 3456 417 3568 καλούμερον
442 3459 557 3562 λιμένα.
598 3462 761 3521 Zonaras
751 3481 785 3518 ιιι
805 3462 948 3567 Ιιεοιιιίρε
981 3456 1044 3542 ἅμα
1064 3464 1107 3562 τῷ
1128 3455 1223 3543 στόλῳ

124 3529 302 3648 καταλαβών
336 3541 371 3608 τιί
405 3541 570 3620 Βυζάντιον
602 3545 635 3609 έν
666 3550 772 3618 συκαῖς
803 3542 839 3607 τοί
872 3541 973 3625 σκάφη
1003 3523 1221 3628 προσίίρμισεν.

124 3633 237 3689 mentio
259 3633 351 3689 etiam
369 3628 459 3690 huius
478 3631 537 3690 1οοί
557 3642 602 3688 est
617 3632 733 3694 Novell.
747 3631 787 3694 59
806 3641 837 3689 et
852 3631 932 3712 apud
946 3634 1147 3710 Euagriumss
1168 3632 1220 3706 83,

123 3717 197 3774 item
217 3713 238 3777 4
266 3718 318 3779 36.
359 3715 429 3775 vide
450 3727 588 3776 nostrum
608 3715 824 3776 Glossarium
815 3737 846 3774 ιιι
869 3713 972 3779 σκοίλα.
1014 3719 1135 3780 Meum.

208 3821 239 3879 p·
260 3805 332 3865 7v.
354 3801 384 3864 5.
427 3813 495 3904 post
527 3821 634 3860 vocem
664 3795 917 3881 προθυμούμενος
946 3799 1220 3882 interpungendum

124 3896 186 3942 est:
213 3884 368 3968 hucusque
390 3890 472 3945 enim
492 3907 590 3947 sermo
611 3888 670 3946 fuit
691 3885 729 3944 de
749 3889 873 3951 Haemo.
915 3898 1030 3946 caetera
1050 3907 1120 3947 vero
1141 3901 1219 3964 quae

124 3981 304 4049 sequuntur,
337 3971 377 4030 ad
403 3974 567 4053 Byzantem
595 3975 744 4075 pertinere
771 3983 861 4053 atque
888 3973 929 4030 ita
957 3970 1124 4074 supplenda
1152 3989 1217 4028 esse

125 4073 248 4114 censeo:
270 4051 325 4136 666
338 4055 503 4138 ιίπομείνας
518 4055 585 4121 δέ
565 4082 582 4121 ο
597 4052 696 4133 Βύζας
709 4053 766 4138 666
780 4057 891 4136 ἔφοδον
904 4081 957 4121 του
944 4053 1144 4140 βαρβαρου,
1161 4063 1217 4119 etc.

123 4137 231 4198 ecdem
260 4139 350 4200 modo
379 4142 570 4224 corrigendus
603 4154 648 4203 est
678 4141 862 4224 Hesychius,
898 4143 978 4223 apud
1006 4160 1096 4221 quem
1121 4157 1216 4222 neque

120 4226 248 4285 mutilus
267 4223 318 4284 hic
336 4227 420 4290 locus
440 4231 559 4308 legitur.
601 4233 703 4290 Ιιιιιο.
