2814 4608
157 161 233 234 216
463 159 640 232 MEURSII
664 159 721 227 ΕΤ
745 157 947 228 tntfflucn

156 352 364 426 nuncupatum
395 334 556 422 Ἐφεσίτην
591 336 744 424 hodieque
776 341 903 421 paulum
935 339 1095 398 immutato
1132 341 1258 399 nomine

154 424 338 512 Ἀφοσιιίτηυ
359 429 470 490 vocari.
511 429 616 486 Ιιιιιο.

241 537 273 596 p·
295 515 334 578 11
355 533 382 573 v.
404 513 434 576 8.
477 505 548 576 ivd’
568 505 675 592 ίχδδς]
702 509 828 572 ultimus
851 506 902 568 hio
923 510 1036 570 oraculi
1055 529 1159 570 versus
1182 531 1260 570 con-

156 603 232 662 tinet
262 598 477 660 subobscurum
505 593 694 676 periphrasin
724 596 808 655 sinus
835 597 1002 674 nuncupati
1030 595 1140 658 Cornu.
1184 615 1260 654 nam

157 704 262 748 ceretis
292 683 415 743 denotat
442 683 573 743 formem
595 683 660 741 eius
681 701 774 742 cornu
795 681 914 740 cerrino
935 681 1082 753 similem,
1113 683 1262 760 quonium

156 774 190 832 in
225 770 337 829 multos
370 769 454 828 sinus
489 768 576 851 quasi
603 768 637 826 iu
665 787 764 826 remos
792 763 924 824 finditur.
966 786 1020 845 per
1044 767 1159 844 piscem
1186 785 1260 827 vero

157 855 340 936 significetur
361 855 513 933 pelamys,
536 871 613 934 quse
635 853 673 912 ob
695 854 759 912 vim
778 851 886 910 fluctus
903 853 982 910 intro
1001 853 1211 930 compellentis
1230 863 1261 911 et
1386 889 1387 936 ι

98 957 100 964 ’
156 942 327 1022 angustiam
345 939 468 998 sinuum
487 957 646 998 numerose
666 938 731 996 illio
752 937 877 1016 capitur.
921 946 1082 1016 utrumque
1103 937 1262 996 confirmet
1386 941 1387 1010 ζ

157 1028 263 1088 Strabo
284 1027 305 1085 l
326 1027 347 1088 7
369 1021 417 1084 his
438 1025 554 1088 verbis:
584 1021 645 1086 dou
671 1019 705 1084 δὲ
729 1018 765 1084 τδ
790 1019 888 1100 Κέρας
911 1019 1052 1104 προσεχὲς
1078 1025 1121 1105 τῷ
1143 1025 1261 1096 Βυζαν-
1386 1019 1387 1060 t

156 1113 231 1176 τίαν
251 1111 354 1190 τείχει,
375 1104 484 1182 κόλπος
503 1102 620 1188 οἷνέχοον
639 1105 681 1181 τίς
694 1103 767 1188 πρδς
781 1101 870 1168 διίσιν
884 1104 934 1168 ἐπί
948 1109 1089 1180 σταδίους
1102 1104 1260 1187 ἑξήκοντα,
1386 1121 1387 1164 t

156 1193 263 1272 δοικοίς
280 1189 397 1272 diduco
417 1192 526 1274 κέρατι.
570 1193 615 1268 είς
633 1189 691 1274 γὰρ
709 1193 866 1264 πλείστους
887 1192 1011 1270 σχίζεται
1028 1187 1139 1266 κόλπος
1160 1191 1201 1266 oie
1221 1189 1261 1256 dv

156 1277 287 1356 κλάδους
305 1273 405 1357 τινοίς,
431 1280 474 1352 είς
495 1274 550 1352 ode
568 1277 755 1358 ἐμπίπτουσα
774 1274 797 1356 ἦ
817 1273 957 1356 πηλαμιίς
978 1275 1129 1338 ἁλίσκεται
1147 1278 1260 1364 ῥᾳδίας

156 1362 209 1431 διαί
238 1389 270 1428 τε
296 1360 331 1427 τδ
359 1367 481 1467 πλῆθος
507 1357 603 1442 αυίῆς
625 1362 676 1426 καί
696 1357 753 1442 τὴν
774 1362 844 1442 βίαν
864 1365 920 1425 τοῦ
943 1355 1179 1436 συνελαύνοντος
1202 1365 1261 1442 (loti

155 1450 208 1516 καί
228 1446 286 1532 τήν
307 1466 468 1529 στενοτητα
487 1452 549 1510 τοῖν
570 1442 708 1522 κόλπων,
731 1441 806 1510 olore
826 1445 878 1508 καί
897 1445 999 1526 χερσίν
1016 1445 1193 1510 ἁλίσκεσθαι
1210 1445 1260 1512 διαί
1386 1463 1387 1490 t

155 1533 213 1616 τήν
241 1535 448 1616 στενοχωρίαν.
491 1534 627 1613 pluribus
649 1530 851 1592 eruditissime
871 1529 909 1590 de
928 1532 983 1592 bec
1005 1553 1038 1592 re
1059 1531 1192 1612 disputet
1215 1538 1260 1594 lo.
1386 1535 1387 1610 f

155 1622 316 1681 Tristanus
346 1621 380 1676 in
409 1620 611 1698 explicatione
640 1620 759 1678 nummi
785 1617 938 1698 Byzantii,
974 1620 1040 1678 cusi
1060 1621 1092 1676 in
1112 1617 1262 1679 honorem

156 1706 286 1768 Sabinae
317 1706 422 1764 tuoris
450 1703 595 1762 Hadriani
622 1705 827 1784 imperatoris,
863 1705 898 1760 in
930 1723 991 1785 quo
1019 1705 1154 1764 visuntur
1179 1704 1260 1764 duae

154 1789 332 1872 pelamydes
359 1809 428 1848 oum
452 1791 645 1870 inscriptione
666 1791 931 1850 ΒΊΖΑΝΤΙΩΝ.
952 1793 1041 1850 ΕΠΙ.
1062 1795 1140 1850 Δ...
1164 1793 1257 1852 POC.

160 1879 221 1940 To.
243 1881 279 1938 Β.
322 1874 458 1935 εἱιιεδεειι
489 1876 608 1954 generis
636 1893 797 1934 nummum
823 1872 888 1932 vidi
916 1877 1031 1933 Romae
1052 1873 1133 1954 apud
1149 1877 1256 1937 Frons.

156 1959 371 2036 Gotofredum,
401 1962 434 2019 in
461 1964 545 2020 cuius
571 1980 632 2020 une
658 1970 742 2040 parte
767 1961 874 2019 visitur
897 1957 1023 2039 delphin
1042 1959 1158 2020 medius
1178 1962 1259 2020 inter

158 2045 233 2106 duas
261 2043 456 2128 pelamydes,
487 2067 557 2106 cum
583 2047 776 2126 inscriptione
803 2048 1078 2121 BYZANTISZN,
1109 2047 1145 2104 ab
1167 2048 1262 2106 alters

156 2152 228 2192 vero
265 2133 381 2210 effigies
417 2133 552 2192 mulieris
587 2150 657 2190 oum
689 2130 884 2210 inscriptione
918 2132 1076 2192 IOTAIA.
1110 2136 1261 2196 ΜΑΙΚΑ.

156 2219 247 2278 ΑΤΠ
291 2218 396 2281 LAMB-

157 2299 1263 2466 nettilft?·1.;1⁰t.ttt'ttt”.i”{tt'ssl“iiihitttttttttt

158 2469 289 2528 alterum
310 2469 401 2526 etiem
420 2490 451 2548 p.
469 2471 549 2543 298,
573 2470 657 2528 cuius
678 2470 799 2528 initium
821 2481 865 2530 est
886 2468 990 2552 ίμερτή
1009 2466 1155 2551 φιδοίλεια.
1200 2477 1263 2534 fuit

158 2571 279 2633 quoque
311 2554 394 2611 sinus
423 2551 596 2630 Phidaline,
629 2555 714 2615 cuius
738 2557 878 2615 meminit
898 2556 1007 2618 Suidas
1026 2559 1058 2616 iu
1076 2552 1263 2642 Ἡράκλειος.

156 2640 281 2699 Minus.
429 2697 431 2699 ,

157 2720 1263 2896 1.attiiidi..itt-”1⁹‘ttti'ttitttitititiifttltttf

157 2915 239 2976 τροιν
259 2915 290 2956 τι
310 2891 362 2956 καί
381 2899 516 2976 λουτροδν
536 2890 651 2970 παντός
669 2919 700 2960 τι
718 2891 834 2978 κόσμου
855 2895 906 2960 καί
927 2903 1017 2978 τιμῆς
1038 2895 1208 2981 ἀφαιρεθὲν
1229 2898 1263 2964 cd

157 2973 325 3052 Βυζάντιον
345 2975 434 3060 κοίμα]
456 2978 610 3044 δουλεύειν
632 2984 812 3064 Περινθίοις
831 2983 931 3065 δοίρον
948 2980 1054 3065 ἐδόθη.
1098 2984 1168 3044 vide
1188 2987 1261 3046 Sui-

159 3061 231 3120 dem
250 3063 283 3119 in
306 3064 458 3146 Σεβῆρος,
484 3063 669 3142 cedrenum,
693 3069 877 3145 Manassem,
900 3071 1060 3136 Zonerum.
1103 3073 1226 3131 Munus.

242 3167 273 3226 p.
297 3149 459 3212 12v.17.
501 3148 577 3213 κακοί
597 3148 651 3214 τδν
670 3155 725 3214 τοῦ
747 3153 854 3217 ίππίου
877 3151 952 3228 Διδς
974 3151 1097 3237 βωμόν]
1128 3177 1182 3238 per
1208 3162 1260 3216 lo-

157 3247 238 3331 vern,
248 3242 418 3312 equestrem
440 3233 527 3295 credo
549 3234 600 3295 hic
619 3237 751 3316 intelligi
770 3242 959 3320 Neptunum,
993 3244 1046 3323 qui
1067 3245 1159 3301 ettam
1182 3241 1261 3317 Ζειίς

156 3318 323 3390 θαλασσιος
342 3331 532 3400 nuncupatus
551 3323 617 3382 fuit.
660 3325 765 3384 Lentu.

241 3421 271 3479 p.
294 3405 334 3464 12
355 3424 384 3464 tr.
406 3409 447 3470 18
469 3426 514 3488 sq.
558 3407 635 3469 ἔνθα
667 3405 704 3490 δὴ
736 3408 806 3490 καί]
842 3411 936 3470 scribe
971 3413 1058 3491 [cum
1089 3411 1260 3494 Hesychio]

158 3481 237 3546 ἔνθα
257 3481 296 3566 δή
319 3482 414 3552 αιίτόν
430 3509 524 3570 φασιν
537 3489 610 3567 τοδς
623 3489 988 3576 Διομήδονςδαμοίσαντα
1003 3499 1115 3574 ἵππους
1129 3493 1261 3574 Ζειίξιπ-

157 3591 217 3630 πον
247 3567 302 3633 τδν
332 3569 427 3637 τόπον
459 3571 615 3658 ὄνομοίσαι.
660 3578 799 3640 dicuntur
831 3593 932 3640 cutem
963 3581 1039 3642 baec
1066 3605 1121 3663 per
1146 3605 1260 3664 paren-

157 3651 268 3717 thesin.
318 3677 423 3718 sensus
457 3672 519 3739 est,
553 3661 685 3724 thermas
717 3669 868 3747 Zeuxippi
895 3671 937 3727 ita
967 3671 1136 3729 nominatas
1164 3672 1260 3728 fuisse

157 3735 209 3802 διδ
234 3736 269 3802 εδ
297 3737 352 3804 τδν
377 3743 520 3825 Ἡρακλέα
547 3747 641 3812 ἐκεῖσε
663 3752 761 3826 ζεῦξαι
781 3748 853 3826 τούς
872 3753 986 3828 ἵππους
1006 3759 1062 3818 τοῦ
1083 3750 1259 3835 Διομήδους

155 3817 216 3902 ὑφ’
249 3820 337 3908 δι’ρμα.
381 3831 529 3892 Eusebius
560 3836 593 3892 in
622 3835 741 3896 (lenone
773 3835 911 3898 chronico
942 3859 992 3898 eas
1020 3843 1062 3899 ite
1090 3843 1259 3920 appellatus

155 3907 249 4008 fuisse
276 3913 318 3969 ait
344 3910 384 3970 ed
406 3919 640 3978 conservandam
660 3923 838 3982 memoriam
859 3927 1010 4005 Zeuxippi
1031 3928 1132 3986 ultimi
1150 3929 1260 4006 Sicyo-

154 4009 276 4055 morum
294 3999 382 4076 regis.
424 4001 527 4060 Ιιιιοια.

237 4100 270 4160 p·
291 4084 332 4146 12
353 4103 381 4142 v.
404 4083 456 4145 19.
500 4081 689 4169 Ζεύξιππον]
712 4095 809 4154 multe
829 4096 942 4174 passim
963 4098 1149 4158 celeberrimi
1164 4097 1261 4157 huius

153 4155 256 4220 balnei
290 4169 404 4228 mentio
439 4166 520 4250 apud
548 4173 716 4252 scriptores.
760 4177 951 4258 conflagravit
979 4201 1058 4244 enno
1087 4185 1107 4250 ὅ
1135 4183 1262 4263 imperii
