2814 4608
484 239 540 306 AD
568 233 766 304 conaturi
789 236 944 306 NOTAE.
1187 233 1262 308 285

249 443 281 504 p.
310 420 372 486 155
398 437 428 486 r.
455 421 486 484 5.
529 412 738 500 ἐκικῦραστν]
769 419 912 497 Novella,
944 437 1006 504 que
1035 418 1265 482 Constantinum

166 507 458 590 Porphyrogenitum
478 505 607 564 Romani
628 507 755 564 senioris
777 507 933 566 Novellam
953 503 1104 588 capiccio
1124 504 1264 586 ῦττειοερ·

166 595 303 680 χομένοον
325 595 462 656 δυνατῶν
484 591 674 650 confirmasse
697 591 740 650 ait
756 589 908 670 eodinus,
934 591 989 651 illa
1005 601 1051 652 est
1067 609 1144 674 qnae
1159 592 1265 672 incipit

166 677 251 766 παραὶ
267 681 384 742 κολλῶν
401 669 564 758 α’νέμαθιν.
606 679 704 736 Larte.

252 787 282 845 p.
309 763 369 826 155
396 780 422 822 v.
450 766 480 826 6.
524 760 541 826 d
564 759 787 842 Δεκακολίτης]
817 761 943 822 dubium
966 781 1030 822 non
1053 770 1098 820 eet
1120 762 1193 842 quin
1215 758 1266 821 hic

167 854 308 934 loquatur
329 845 464 908 Codinue
486 844 524 904 de
540 845 702 906 Theodoro
719 849 895 926 Decapolita
910 849 1034 926 patricio
1052 857 1083 905 et
1099 858 1266 926 quaestore,

168 957 258 1020 quem
283 935 443 1015 pleraeque
466 934 605 992 Novellae
630 951 648 991 a
672 933 867 992 Constantino
889 931 1146 1014 Porphyrogenito
1171 931 1267 994 editae

167 1021 371 1102 composuisse
401 1027 527 1077 constet.
573 1037 676 1076 earum
705 1021 804 1097 prima
830 1021 874 1079 sic
899 1020 1083 1078 inscribitur:
1115 1016 1266 1099 περὶτῶν

166 1109 383 1192 στρατιωτικῶν
404 1099 446 1184 ἣν
466 1095 657 1184 ῦιιηγόρενσο
681 1099 834 1186 Θεόδωρος
856 1104 1014 1186 πατρίκιος
1033 1102 1086 1166 καλ
1106 1103 1267 1188 κοιαλοτωρ

167 1193 186 1260 d
214 1190 429 1268 Δεκατιολίτης.
479 1189 619 1248 similiter
648 1189 782 1271 reliquae
811 1191 1029 1266 inscribuntur,
1057 1198 1267 1270 praeterquam

166 1276 251 1362 quod
280 1295 335 1356 pro
367 1270 523 1356 Θεόδωρος
547 1293 705 1354 perperam
727 1276 839 1354 legitur
863 1271 1010 1354 Θεόφιλος
1034 1284 1064 1333 et
1090 1271 1267 1350 Θεοδόσιοςε

166 1383 241 1424 nam
265 1371 380 1420 certum
402 1369 448 1419 eet
470 1369 532 1418 trae
555 1361 625 1420 illae
646 1361 786 1420 Novellae
809 1361 997 1421 Constantini
1018 1360 1055 1418 ab
1076 1380 1137 1419 uno
1160 1357 1268 1420 eodem

167 1445 329 1510 Theodoro
345 1446 521 1526 Decapolita
537 1447 716 1525 compositae
732 1445 841 1524 fuisse,
863 1449 947 1507 cuiue
963 1445 1014 1505 hic
1030 1444 1162 1506 (iodinue
1179 1465 1268 1506 men-

166 1537 283 1596 tionem
305 1533 387 1594 facit.
434 1532 542 1590 errarit
565 1533 657 1589 etiam
680 1533 843 1612 interpres,
871 1534 924 1614 qui
950 1531 1110 1614 κοιαλσταρ
1131 1528 1148 1595 ὁ
1168 1537 1268 1594 Δεκα-

166 1620 291 1700 erotem
311 1619 399 1679 vertit
420 1627 558 1697 quaestor
576 1616 775 1694 Decapcleoe,
802 1621 945 1699 quoniam
961 1615 978 1683 ὁ
994 1616 1199 1696 Δεκαττολλτης
1215 1636 1268 1676 co-

167 1715 365 1785 gnomentum
382 1713 441 1778 eet,
464 1721 483 1760 a
497 1701 593 1781 patrie
610 1700 818 1783 desumptum,
835 1713 869 1762 nt
889 1703 1075 1785 Τρικολλτης.
1117 1712 1269 1763 caeterum

167 1789 242 1874 quid
256 1788 335 1849 illud
352 1787 385 1852 ἐν
400 1791 439 1870 τῇ
454 1784 500 1849 λα’
516 1787 678 1867 significet,
704 1787 843 1848 nondum
857 1787 935 1848 mihi
949 1790 1056 1869 liquet.
1098 1789 1197 1847 Lmen.

251 1897 282 1955 p.
300 1873 360 1937 155
376 1893 403 1938 v.
420 1875 441 1936 7
448 1873 531 1937 -9.
573 1867 632 1938 οῦκ
648 1867 708 1937 ῶττῦ
724 1877 781 1938 τοῦ
795 1907 838 1918 -
854 1873 898 1948 εἰς
913 1869 971 1953 dv]
997 1870 1080 1932 hunc
1101 1873 1206 1932 locum
1226 1871 1270 1932 ita

167 1957 393 2020 reformandum
422 1977 488 2018 eree
517 1975 644 2020 censeor
677 1953 735 2022 ουἰι
765 1951 828 2022 οἲτιῦ
854 1963 910 2040 τῆς
935 1952 1057 2040 reprime
1082 1958 1270 2038 ψηφίξονται

167 2046 357 2116 λνδικτιῶνος
372 2047 428 2106 τοῦ
442 2039 532 2125 ,evii
549 2043 648 2120 ἔτους,
666 2037 735 2106 α’λλ’
752 2037 811 2108 circi
828 2047 883 2125 τῆς
894 2039 922 2106 α’
933 2044 1122 2117 λνῦικτιῶνος
1131 2047 1187 2108 τοῦ
1195 2038 1269 2126 ‘soi'

168 2130 271 2206 ἔτους,
299 2125 368 2210 ἤτοι
395 2133 451 2192 τοῦ
479 2133 589 2212 καιροῦ
613 2133 670 2194 τοῦ
694 2133 800 2211 λιμοῦ,
829 2130 872 2204 εἰς
895 2125 941 2193 ὃν.
983 2127 1039 2188 eed
1062 2139 1165 2188 utrum
1188 2137 1269 2188 recte

169 2214 392 2276 emendaverim
424 2233 538 2290 necne,
571 2216 741 2295 intelliges,
773 2216 827 2275 ubi
857 2215 1074 2294 introspexerit
1105 2211 1269 2275 secundam

167 2303 326 2362 Novellam
349 2301 538 2360 Constantini
560 2297 826 2381 Porphyrogeniti,
854 2311 884 2358 et
906 2302 1036 2380 primam
1052 2311 1143 2380 atque
1159 2319 1269 2361 secun-

168 2385 241 2446 dam
262 2387 392 2446 Romani
412 2387 546 2446 senioris.
585 2396 671 2445 notes
689 2388 781 2444 etiam
796 2387 961 2466 posteriora
975 2387 1029 2446 illa
1046 2385 1154 2446 codini
1168 2386 1269 2461 verba,

166 2465 235 2535 ἄλλ’
259 2467 321 2536 circi
344 2475 399 2551 τῆς
421 2465 544 2551 τιρῶτης
568 2469 771 2548 ἰνῦικτιῶνος,
796 2469 976 2552 respondere
999 2471 1096 2532 verbis
1120 2469 1269 2531 secundae

165 2558 307 2618 Novellae
334 2557 537 2630 Constantini,
564 2574 641 2634 quae
665 2556 824 2616 subiunxi:
849 2555 918 2639 περὶ
942 2553 976 2620 di
997 2561 1058 2620 cciv
1081 2551 1141 2622 det
1162 2561 1217 2638 τῆς
1241 2550 1271 2619 α’

167 2642 372 2714 λνδικτιῶνος,
398 2637 466 2718 ἤτοι
489 2637 523 2700 ἐκ
545 2641 602 2699 τοῦ
625 2644 736 2721 καιροῦ
759 2644 816 2703 τοῦ
839 2644 932 2722 λιμοῦ
956 2639 1058 2726 μέχρις
1077 2639 1194 2728 ἡμέρας
1214 2645 1271 2724 τῆς

166 2722 310 2806 ἡμετέρας
327 2717 552 2802 ἀναγορεύσεως
559 2765 568 2798 ,
593 2714 769 2804 ῶδιαφὸρως
785 2735 841 2782 etc.
885 2728 982 2791 nrm.

251 2829 282 2888 p.
300 2807 361 2871 156
377 2827 405 2868 v.
422 2807 454 2869 9.
496 2801 552 2886 τήν
569 2801 603 2868 di
618 2803 746 2890 νεαρὰν]
771 2809 877 2868 Basilii
898 2820 1001 2868 autem
1016 2804 1270 2889 Porphyrogeniti

167 2895 306 2968 Novella,
332 2893 416 2950 cuius
432 2889 483 2950 hic
500 2891 632 2951 Godinue
647 2893 801 2971 meminit,
817 2895 873 2953 illa
889 2905 934 2956 eet
950 2913 1027 2977 quae
1042 2894 1148 2977 incipit
1165 2890 1270 2976 ἐπειδή

167 3002 224 3061 περ
240 2976 264 3061 ἡ
279 2978 414 3060 βασιλεία
430 2999 499 3058 μου.
540 2979 637 3042 Laron.

252 3085 284 3144 p.
302 3064 364 3127 158
380 3082 408 3127 v.
424 3065 467 3127 20
483 3080 530 3144 eq.
572 3067 629 3127 τοῦ
650 3066 796 3145 κραταιοῦ
816 3061 869 3127 καὶ
890 3060 978 3148 ῶμλον
1000 3057 1087 3143 ἡμῶν
1101 3059 1266 3146 βασιλέως]

168 3148 238 3209 hinc
264 3150 360 3230 liquet
389 3157 541 3207 auctorem
566 3145 657 3209 huius
683 3146 817 3209 chronici
838 3151 900 3211 eive
923 3147 1031 3208 indicie
1050 3151 1267 3230 imperatorum

168 3236 394 3316 cpolitanorum
416 3235 528 3295 vixisse
552 3235 608 3294 sub
631 3236 772 3294 Manuele
796 3236 965 3296 comneno:
990 3253 1067 3316 quae
1088 3255 1159 3316 ergo
1176 3234 1265 3296 dein·

168 3341 238 3402 cepe
254 3331 420 3402 sequuntur
436 3339 454 3378 a
470 3320 628 3380 recentiori
644 3319 784 3380 adiuncta
799 3332 878 3386 eunt.
920 3323 1017 3382 Lm.

252 3427 283 3486 p.
301 3403 363 3471 160
379 3426 406 3470 v,
421 3406 474 3468 20.
515 3409 556 3493 τῇ
577 3402 689 3492 μεγάλῃ
714 3402 870 3491 θαλῶσοῃ]
898 3409 941 3466 sio
962 3405 1115 3487 hodieque
1137 3405 1264 3487 pristino

168 3492 291 3552 nomine
321 3489 476 3572 deperdito
503 3493 642 3553 Euxinue
670 3503 780 3573 pontus
805 3503 926 3554 vocatur
948 3493 975 3552 it
993 3511 1076 3552 more
1098 3494 1263 3574 moggicre.
1315 3518 1318 3523 ·

166 3579 264 3640 arne.

252 3683 284 3742 p.
301 3662 361 3725 161
378 3680 408 3724 v.
426 3663 477 3725 16.
518 3664 574 3742 τῆς
596 3658 744 3745 Μῶκρης]
781 3664 925 3722 Macram
952 3661 1130 3722 recentiores
1160 3659 1267 3720 Graeci

167 3759 290 3825 vocant,
308 3767 385 3828 quae
404 3747 568 3830 antiquitus
587 3747 713 3828 Stagira
727 3749 945 3810 nominabatur.
987 3748 1072 3808 testie
1088 3756 1133 3808 eet
1147 3748 1265 3806 Nicetes

169 3831 330 3894 choniates
347 3854 377 3912 p.
394 3831 454 3896 595
488 3833 508 3896 1
539 3831 585 3892 ed.
602 3835 698 3900 Bono.
739 3836 835 3894 Lente.

252 3940 284 3998 p.
301 3917 363 3982 164
378 3937 405 3977 v.
422 3918 452 3980 9.
492 3911 634 4000 Ἰοιοῖννης
650 3917 669 3982 o‘
684 3914 951 3997 Καντακονζηνδς]
977 3925 1143 3978 aeeerratur
1162 3915 1196 3972 in
1216 3913 1267 3973 bi-

168 3999 320 4061 bliotheca
349 4003 589 4064 Eminentieeimi
620 4001 704 4066 (iord
735 4006 886 4064 Frenoieci
917 4004 1071 4063 Barberini
1096 3998 1195 4061 codex
1217 4018 1266 4059 me

169 4087 378 4166 Tacticorum,
402 4091 436 4148 in
460 4091 544 4150 cuiue
567 4091 641 4150 folio
665 4089 796 4172 quodam
816 4100 940 4151 vacante
956 4088 1079 4172 qrridam
1095 4085 1266 4146 Demetrius

168 4173 351 4248 montanus,
378 4176 463 4235 cuiue
480 4175 577 4238 codex
592 4177 646 4236 ille
661 4177 735 4254 fuit,
758 4179 872 4238 notarit
887 4177 1001 4236 natales
1017 4173 1181 4233 liberorum
1197 4192 1270 4232 euo-

169 4279 254 4338 rum,
284 4260 397 4320 ineerta
422 4264 574 4324 mentione
598 4261 636 4323 de
661 4261 710 4323 die
727 4263 825 4324 obitur
849 4263 968 4324 loannis
993 4259 1192 4320 cantacuzeni
1216 4255 1265 4318 hie
