2808 4616
462 263 523 328 DE
548 259 774 329 AEDlFIGlIS
802 263 862 328 GP.
1164 264 1214 340 91

111 477 179 530 στος
203 448 371 538 ἀνήγειρεν,
397 445 447 514 ὅτι
471 447 544 516 ὅταν
566 441 647 534 ἦλθε
670 451 747 534 μετά
764 455 825 518 τῶν
841 449 953 536 γονέων
971 450 1066 518 aizoo
1084 451 1145 519 ἀπὸ
1161 463 1218 521 τοῦ

111 558 290 645 Δυρραχίου
307 553 350 619 ἐτι
366 563 438 631 τταῖς
453 549 625 640 τυγχάνων,
641 557 735 622 ἐκεῖσε
752 551 905 639 ἐμάνθανε
921 554 978 639 τὴν
993 555 1219 644 γραμματικήν.

210 657 246 725 ‘0
272 658 305 724 δὲ
330 656 417 743 ἅγιος
439 655 618 746 Προκύπιος
633 658 668 724 τδ
685 657 844 726 κονδύλων
860 657 978 745 ἐκλήθη
998 658 1095 740 ούτως
1112 661 1163 728 διὰ
1179 663 1215 729 τδ

111 765 341 830 Κωνοταντῖνον
363 761 417 828 τὸν
442 763 559 850 πατέρα
580 763 795 830 Ἰουστινιανοῦ
818 770 873 830 τοῦ
897 762 1079 853 ῥινοτμήτυν
1103 769 1215 834 κονδυ-

84 870 194 933 5λίσαι
210 869 303 933 ἐκεῖσε
320 864 373 932 τὸν
389 868 483 932 λ’ππον
499 866 597 932 αύτού
614 871 665 932 καὶ
682 867 774 956 ῥίψαι
791 865 895 933 αὐτόν.

206 966 245 1036 ‘0
270 968 356 1056 ἅγιος
375 965 517 1054 Ἰωάννης
541 967 557 1036 ὃ
582 967 758 1060 πρόδρομος
774 972 814 1038 τά
831 968 977 1058 λεγόμενοι
994 968 1138 1055 κινθήλια
1154 970 1216 1039 ἀπὸ
1233 989 1257 1045 c

107 1079 164 1139 τοῦ
197 1072 323 1156 κάμνειν
354 1073 447 1139 ἐκεῖσε
476 1073 514 1140 τά
548 1075 644 1164 μικρά
670 1078 789 1166 καρφία
816 1076 856 1142 τά
881 1075 1095 1165 καβαλλαρικά
1121 1073 1219 1154 ούτως

107 1173 244 1262 ἐκλήθη·
270 1179 322 1242 καὶ
338 1176 398 1266 γάρ
415 1177 455 1242 τά
471 1185 598 1246 τοιαῦτα
614 1183 732 1270 καρφία
748 1181 865 1267 λέγεται
881 1178 1036 1264 κινδήλια.

210 1277 249 1346 ‘0
264 1280 463 1358 Ἀναστάσιος
478 1281 555 1364 μετὰ
568 1282 727 1372 Ἀριάδνης
744 1283 841 1352 ἐκτισε
857 1285 910 1351 τδν
925 1284 999 1352 ναδν
1014 1283 1069 1350 τὸν
1085 1280 1164 1378 ι’)’νται
1177 1285 1219 1360 εἷς

66 1389 99 1444 10
107 1383 369 1460 Κωνσταντιανάς
384 1391 446 1452 τῶν
464 1381 557 1470 ἁγίων
572 1384 616 1471 μ’.
668 1387 804 1477 ἀνήγειρε
818 1391 869 1454 καὶ
881 1387 955 1455 ναὸν
969 1389 1070 1476 ἕτερον
1084 1386 1133 1454 ἐπ’
1150 1383 1220 1452 ἀνί-

105 1515 186 1572 ματι
211 1494 268 1554 τού
292 1485 381 1574 ἁγίου
405 1485 667 1580 πρωτομάρτυρος
690 1488 868 1580 Στεφάνου,
894 1489 972 1556 ἐνδυ
995 1493 1047 1558 καὶ
1070 1489 1107 1556 τὸ
1132 1487 1219 1576 ἅγιον

106 1591 207 1658 αύτού
223 1594 369 1675 λείψανον
385 1593 490 1676 ἐτίθη.

215 1695 280 1761 Ίδν
297 1693 382 1782 ἅγιον
399 1692 596 1762 Πολύευκτον
609 1693 757 1782 Ἰουλιανὴ
774 1694 794 1780 ή
810 1695 953 1787 θυγάτηρ
970 1696 1221 1764 Ούαλεντινιανοῦ

107 1805 167 1864 τού
183 1800 340 1888 κτίστορος
356 1806 412 1867 τού
425 1801 546 1888 ἀγωγοῦ
559 1797 671 1866 ἔκτισεν
685 1801 732 1866 ἐπὶ
741 1797 874 1890 χρόνους
886 1803 1038 1889 τέσσαρας
1050 1803 1100 1866 καὶ
1113 1798 1221 1884 ήμισυ,

66 1908 173 1970 τετῶν
203 1911 345 1986 τεχνιτῶν
375 1904 436 1969 ἀπὸ
461 1901 582 1986 Ῥώμης
607 1901 773 1970 ἐλθόντων.
823 1904 1051 1992 γυναικαδελφὴ
1079 1903 1113 1969 δὲ
1137 1895 1219 1987 ήνύ

108 2003 235 2090 τοιαύτη
252 2015 308 2072 τού
323 2004 459 2091 μεγάλου
479 2007 658 2072 Θεοδοσίου.
1234 2023 1259 2078 D

217 2110 268 2173 Τά
294 2111 328 2174 δὲ
352 2111 515 2195 Μεγεδίας
539 2107 677 2198 ἀνήγειρε
694 2111 841 2196 Macota
858 2109 1003 2178 δίσαοινα
1019 2111 1051 2176 ἐν
1066 2117 1131 2187 τοῖς
1144 2103 1222 2196 χρύ-

109 2235 176 2288 νοις
194 2215 338 2300 Τιβερίου
355 2219 412 2280 τοῦ
431 2209 564 2303 Θρᾳκός.

210 2313 258 2380 Ἡ
278 2313 427 2402 ύαεραγία
451 2312 599 2390 θεοτύκος
622 2311 643 2398 ἦ
669 2311 866 2402 Πονολύτρια
892 2311 990 2391 οὕτως
1012 2309 1147 2398 ἐκλήθη,
1173 2308 1222 2380 ὅτι

11 2419 12 2424 ’
67 2417 243 2503 λομεγάλαι
260 2417 355 2496 λύσεις
373 2422 466 2486 ἐκεῖσε
484 2422 639 2486 ἐτελοῦντο
659 2420 710 2482 καὶ
726 2414 814 2484 πόνοι
830 2419 939 2484 πολλοὶ
956 2415 1091 2483 ἐλύοντο.

181 2598 199 2652 3
215 2617 243 2668 p.
261 2597 296 2650 34
312 2597 399 2652 Band.
503 2595 643 2650 κόνδυλον
660 2595 730 2668 Reg.
834 2589 884 2648 διά
897 2590 930 2650 τδ
941 2597 1068 2664 Κωνστ.]
1086 2589 1131 2649 ὅτι
1148 2595 1223 2664 διερ-

179 2663 296 2753 ηόμενος
321 2669 534 2726 Κωνσταντῖνος
557 2695 592 2705 -
616 2662 703 2720 ἐκεῖσε
727 2658 903 2718 ἐκονδύλισεν
926 2659 941 2718 ὁ
965 2663 1051 2728 innoc
1068 2660 1158 2719 αύτού
1173 2662 1223 2718 καὶ

182 2737 277 2859 ἀλλά
295 2735 714 2864 ⁰·10nlttlllllltc.
773 2733 923 2872 iiiiii
938 2737 1025 2857 lta.
1106 2733 1223 2871 iltuit

182 2871 223 2932 είς
240 2875 274 2928 C.
357 2871 585 2942 17p.3713ano.
642 2871 897 2940 *19p.3713and.
978 2867 1221 2942 ήαονολύτηςθ,

181 2938 218 2996 τοὶ
236 2937 394 2995 πονσλύτοο
414 2943 477 2996 Vat.
580 2943 615 2998 20
633 2943 748 3012 πολλοὶ]
767 2941 822 2996 τῶν
838 2940 949 2994 πολλῶν
967 2941 1000 2998 C.

107 3095 249 3152 ecclesiam
266 3095 297 3148 8.
314 3093 411 3147 Iuliani
428 3092 560 3161 condidit,
580 3095 702 3162 quoniam
716 3113 782 3164 puer
795 3111 854 3150 cum
867 3094 1022 3166 parentibus
1033 3093 1090 3148 suis
1100 3091 1224 3163 Dyrrha-

110 3165 172 3221 chio
191 3165 301 3218 veniens
317 3162 510 3232 grammaticam
528 3162 567 3214 ibi
586 3164 726 3217 didicerat.

217 3233 338 3288 Ecclesia
355 3235 386 3288 S.
403 3231 529 3299 Procopii
546 3233 728 3301 cognominata
746 3233 903 3288 Condalium
919 3233 981 3288 inde
997 3248 1095 3286 nomen
1109 3232 1222 3303 accepit,

112 3303 186 3374 quod
211 3303 401 3356 Constantinus
425 3301 564 3354 Iustiniani
588 3302 749 3358 Rhinotmeti
771 3310 848 3374 pater
864 3303 893 3358 in
910 3321 941 3358 eo
958 3305 1017 3358 loco
1035 3318 1130 3372 equum
1148 3317 1223 3358 suum

111 3373 211 3448 pugnis
225 3373 356 3441 instigans
371 3370 603 3443 praecipitaverit.

220 3443 357 3513 Templum
385 3442 415 3494 S.
444 3441 550 3494 Ioannis
580 3442 759 3510 praecursoris
790 3441 999 3512 cognominatum
1024 3441 1159 3496 Cinthelia
1184 3441 1224 3496 ita

114 3512 275 3584 appellatum
300 3517 357 3576 est,
382 3511 514 3582 quodibi
537 3511 615 3580 parvi
637 3512 705 3566 clavi
728 3511 869 3581 colligendis
892 3529 1018 3582 equorum
1041 3513 1121 3566 soleis
1144 3511 1227 3566 cude-

115 3591 219 3638 rentur.
254 3581 381 3634 eiusmodi
398 3581 467 3634 enim
484 3581 554 3634 clavi
570 3589 699 3636 vocantur
716 3581 850 3636 cinthelia.

220 3651 359 3722 Templum
375 3651 427 3703 88.
445 3651 637 3719 qnadraginta,
656 3651 727 3721 quod
743 3657 785 3704 est
799 3651 868 3721 apud
878 3651 995 3704 thermas
1008 3650 1225 3724 Constantianos,

117 3721 275 3775 Anastasius
298 3738 356 3776 cuna
378 3721 497 3774 Ariadna
520 3721 648 3774 condidit.
683 3721 751 3773 idem
769 3721 838 3776 aliud
857 3737 962 3790 quoque
979 3721 1058 3774 titulo
1075 3729 1226 3792 protomar·

116 3791 188 3860 tyris
205 3791 334 3860 Stephani
353 3789 519 3857 aedificavit,
537 3791 583 3844 ubi
600 3794 708 3844 sanctae
725 3791 783 3843 eins
799 3790 927 3860 reliquiae
941 3791 1047 3862 positae
1062 3795 1136 3846 sunt.

221 3860 252 3914 8.
274 3861 449 3928 Polyeuctum
469 3859 571 3914 Iuliana
592 3860 771 3914 Valentiniani
787 3861 845 3916 lilia
861 3861 993 3918 exstruxit
1008 3862 1080 3914 intra
1097 3861 1224 3930 quattuor

117 3945 200 3984 anuos
218 3946 277 3982 cum
293 3930 419 3998 dimidio,
437 3929 557 3984 evocatis
573 3929 659 3986 Roma
675 3929 837 3988 architectis.
871 3930 925 3986 luit
941 3936 1029 3986 autem
1043 3931 1110 3986 haec
1120 3927 1223 3982 Iuliana

117 4016 195 4054 soror
212 3999 304 4058 uxoris
320 4000 409 4070 magni
426 3999 581 4054 Theodosii.

119 4134 178 4190 Thr
210 4069 376 4154 ‘Aedilicium
393 4070 547 4142 Megethiae
564 4069 698 4124 exstruxit
713 4069 817 4124 domina
833 4069 970 4140 Megethio
987 4074 1106 4138 tempore
1119 4060 1225 4118 Tiberii

178 4154 245 4192 8⁰1⁸·

220 4205 343 4262 Ecclesia
359 4207 390 4262 S.
407 4207 533 4279 deiparae
548 4208 710 4278 Ponolytrae
725 4207 766 4262 ita
778 4209 962 4279 cognominata
975 4207 1030 4269 est,
1048 4197 1118 4267 quod
1129 4215 1225 4270 magna

116 4274 181 4334 istic
198 4275 361 4336 sanationum
376 4279 445 4336 dona
460 4279 569 4350 fierent,
585 4279 713 4352 uulh'qua
728 4279 833 4336 dolores
850 4286 879 4336 et
895 4281 1034 4346 languores
1046 4267 1223 4326 “liverentur-
