2814 4608
448 247 506 316 AD
533 241 733 322 comtum
756 243 912 314 NOTAE.
1157 246 1233 322 216

131 421 277 508 Agathino
296 426 319 486 i.
340 422 361 491 5
390 423 443 508 (Ρ.
463 428 528 492 282
558 428 580 489 2
610 421 660 484 ed.
679 421 809 504 Boou).
855 441 896 482 an
914 423 1050 506 loquitur
1068 425 1106 484 de
1127 425 1237 490 Satan-

130 513 271 589 nalibus‚
301 529 378 592 quae
407 529 449 570 ex
475 510 572 571 veteri
600 511 715 569 Romae
742 509 880 569 instituto
907 529 987 572 nova
1013 530 1133 593 quoque
1154 517 1237 574 cele-

131 597 262 658 brabat?
295 597 378 678 atqui
406 593 482 654 haec
509 615 573 655 non
602 605 686 654 erant
713 595 895 656 Nominalia.
936 615 1006 676 ergo
1036 617 1117 657 error
1142 599 1235 662 fuedt

130 681 294 762 Agathiae‚
317 681 370 763 qui
389 683 540 764 putaverit
560 679 766 741 Saturnalium
787 681 935 760 originem
955 701 974 740 a
995 678 1182 744 dedicatione
1204 696 1235 747 et

131 769 271 844 lustrico,
291 777 327 826 ut
347 768 391 827 aio
413 766 529 842 dicam,
553 764 602 824 die
622 767 705 826 urbia
726 766 867 846 antiquae
889 786 966 832 esee.
1005 763 1065 827 hoo
1085 787 1149 828 non
1170 780 1235 832 erat

129 851 390 932 praetereundum.
432 855 480 913 vir
508 850 614 911 doctus
641 870 704 910 non
730 861 811 910 recte
838 851 1052 932 interpretatur
1078 853 1233 916 natalitia.

130 941 253 1000 Munna.
294 948 363 1019 poet
388 935 465 997 haec
491 937 583 997 verba
607 934 758 996 adduntur
779 937 882 1017 aliqua
901 938 935 994 in
955 936 1058 999 codice
1078 940 1233 1020 Vaticano,

150 1044 207 1084 uae
227 1026 261 1082 in
282 1023 371 1084 editia
391 1021 514 1083 deaunta
538 1016 671 1097 ὅστίτός.
692 1017 736 1085 ὅτι
754 1015 782 1103 β
801 1021 1006 1100 ίνδιιιτιοῑνος,
1029 1022 1114 1098 λτοος
1129 1022 1233 1111 fotid,

128 1041 221 1190 ίίρξεν
240 1109 275 1173 ἐν
293 1103 390 1195 ‘Paion
412 1104 485 1190 μετοί
501 1109 699 1187 Μαξιμιανοῦ
715 1107 767 1170 καί
783 1107 959 1183 Μαξενιίοα
973 1106 1024 1190 ίση
1037 1104 1124 1150 ****
1137 1104 1234 1192 μόνος
1290 1121 1291 1124 ’

129 1191 163 1256 δὲ
191 1194 242 1275 ἔτη
271 1193 355 1276 ἕτερα
382 1189 418 1269 ς’,
451 1191 493 1266 τίς
522 1186 600 1255 εἶναι
627 1191 707 1273 duod
730 1188 767 1254 ταί
796 1186 854 1254 ὅλοι
879 1191 931 1296 ἔτι]
952 1195 1007 1275 τῆς
1026 1187 1124 1256 ednod
1144 1197 1232 1277 βασι-

128 1279 209 1355 λείας
228 1273 285 1360 λβ,
305 1278 339 1342 ἐν
356 1273 452 1362 Ῥσίμῃ
473 1273 512 1359 ιγ’
531 1276 583 1339 καί
604 1277 637 1340 ἐν
658 1282 973 1342 Κωνσταατινοαισολει
993 1271 1047 1342 νβ’.
1087 1281 1190 1341 Item.

212 1385 244 1444 p.
267 1365 309 1426 17
329 1383 360 1424 v.
383 1365 436 1428 18.
478 1365 534 1425 τοῦ
558 1357 721 1443 στόματος]
746 1381 904 1444 perperam
926 1364 958 1422 in
983 1364 1098 1445 aliquot
1118 1365 1232 1428 codici-

127 1449 185 1510 bue
213 1450 326 1526 legitur
354 1447 518 1528 στέμμαιος
544 1453 574 1506 et
601 1450 633 1505 in
661 1449 729 1506 aliis
749 1443 903 1527 στόματος.
946 1442 1045 1529 οτιίμα
1063 1446 1115 1508 hio
1135 1453 1233 1531 signi-

127 1534 199 1592 ficat
229 1531 366 1592 tribunal
394 1533 612 1611 Ηεμμοιίνοταί,
643 1534 676 1590 in
707 1552 767 1613 quo
795 1535 959 1614 imperator
986 1532 1126 1611 sedebat,
1160 1555 1233 1598 cum

127 1617 218 1680 ludos
246 1627 394 1699 spectaret
423 1620 588 1678 Circenses.
630 1619 673 1677 sic
692 1618 772 1677 infra
792 1639 824 1698 p.
845 1621 888 1684 80
908 1639 938 1682 v.
957 1618 1012 1682 17:
1048 1613 1149 1683 είλιιοα
1170 1615 1233 1686 ιλιαδ

127 1708 190 1767 τείν
215 1703 386 1788 ιιαγιιίλλων
412 1702 496 1786 μέχρι
522 1707 578 1768 τοῦ
605 1705 763 1785 βασιλικοῦ
792 1696 956 1784 στοίματος,
987 1701 1041 1768 καί
1070 1698 1233 1785 στήσαντες

127 1781 260 1854 ἐνοίτιιον
286 1796 344 1854 τοῦ
370 1788 529 1871 βασιλέως,
562 1799 592 1848 et
612 1811 642 1869 p.
657 1790 701 1854 40
717 1809 747 1848 τ.
761 1789 783 1850 7
789 1809 797 1848 ε
826 1783 922 1874 εἰσῄει
942 1787 984 1862 είς
1004 1785 1039 1852 cd
1062 1787 1160 1870 στᾶμα
1179 1791 1232 1855 καί

128 1873 327 1956 στεφανωθὲν
352 1870 450 1962 ἐξῄει,
493 1885 524 1934 et
551 1895 581 1955 p.
607 1875 650 1939 60
676 1892 706 1938 v.
734 1875 769 1937 1:
799 1867 900 1937 λιταίνω
929 1865 1062 1953 ἅρματος
1090 1874 1233 1958 φέροντες

126 1952 206 2044 ἦγον
232 1954 293 2024 iet
313 1963 375 2023 ταῖν
395 1957 564 2044 καμαίλλωα
586 1956 642 2032 ἕως
662 1961 719 2021 τοῦ
741 1952 796 2020 occi
820 1980 900 2032 ατος.
941 1955 1025 2016 idem
1045 1959 1119 2020 aliae
1139 1960 1233 2021 cott-

126 2065 185 2104 nua
219 2055 309 2106 vocat
344 2039 483 2127 κάθισμα
513 2038 672 2127 βασιλικόν
701 2051 733 2102 et
761 2049 900 2125 ιιαθισμα
930 2045 986 2106 τοῦ
1017 2041 1231 2130 ἱπποδρομίαι.

125 2133 231 2191 Lana.

211 2235 242 2296 p.
265 2216 307 2278 17
329 2234 359 2280 v.
381 2216 434 2278 18.
475 2217 569 2278 ταῦτα
601 2207 756 2294 ἐπράχθη]
791 2213 883 2272 verbe
914 2209 991 2272 haec
1021 2231 1085 2274 non
1114 2215 1231 2276 intelli-

126 2299 226 2380 genda
247 2310 319 2360 sunt
340 2299 378 2359 de
400 2300 550 2359 encaeniis
572 2299 714 2377 Gpoleoa,
745 2315 823 2377 quae
845 2297 887 2364 25
908 2315 987 2358 anno
1007 2299 1128 2380 imperii
1148 2301 1231 2362 (ion-

126 2387 250 2446 etantini
281 2387 431 2445 celebrata
461 2395 547 2460 sunt,
579 2381 635 2442 aed
665 2380 705 2440 de
734 2383 884 2464 principio
913 2385 978 2444 eiua
1005 2383 1231 2466 aedificationis,

126 2469 209 2552 qnod
232 2469 340 2530 incidit
361 2473 395 2530 in
417 2489 533 2529 annum
552 2468 673 2550 imperii
693 2467 882 2528 constantini
903 2469 960 2545 12,
991 2469 1113 2550 quando
1133 2475 1231 2532 Roma

123 2556 305 2638 Byzantium
324 2557 419 2617 venit.
459 2557 503 2615 ita
518 2575 591 2616 vero
608 2553 686 2613 haec
701 2554 794 2613 verba
812 2573 878 2614 esee
895 2554 1120 2635 interpretanda
1135 2567 1231 2617 testa-

123 2652 175 2702 tur
200 2645 266 2722 ipae
293 2640 429 2702 Codinue
451 2641 486 2697 in
504 2641 596 2719 paulo
618 2648 689 2696 ante
709 2639 800 2698 citato
820 2640 989 2718 fragmento
1010 2640 1122 2704 codicia
1143 2645 1231 2704 Vati-

126 2729 195 2786 cani
216 2737 246 2785 et
266 2726 346 2783 infra
365 2746 398 2804 p.
420 2724 483 2786 150
502 2743 532 2786 v.
556 2724 604 2785 17.
644 2723 746 2783 nanu

210 2831 241 2890 p.
263 2813 304 2872 17
324 2829 355 2868 v.
376 2811 428 2873 18.
470 2811 513 2892 τῷ
532 2803 691 2889 δωδεκάτῳ
711 2807 769 2870 ἔτει
785 2810 841 2885 τῆς
858 2807 1023 2888 βασιλείας]
1048 2808 1106 2869 hoc
1123 2829 1229 2870 verum

125 2914 192 2954 esee
217 2914 280 2954 uon
307 2901 423 2973 potest:
450 2911 525 2950 nam
546 2901 635 2950 antea
655 2891 728 2950 dicit
748 2891 892 2952 accidisse
911 2895 1000 2952 tertio
1020 2913 1126 2952 manee
1145 2894 1229 2952 indi-

125 2981 232 3040 ctionis
253 2977 412 3040 secundae.
455 2979 540 3059 atqui
558 2975 684 3038 indictio
704 2977 956 3057 complectebatur
977 2977 1152 3059 quindecim
1172 2995 1229 3038 an·-

123 3086 196 3142 noa,
219 3066 338 3146 fuitque
358 3085 413 3144 per
433 3081 502 3122 eam
521 3065 676 3124 numerari
697 3073 852 3143 coeptum,
875 3083 945 3123 oum
959 3065 1057 3124 occiso
1072 3066 1229 3125 Maxentio

122 3171 188 3232 pax
216 3148 393 3210 OhrIstienie
421 3146 482 3207 fida
510 3167 545 3208 ao
569 3157 650 3208 certe
670 3169 689 3208 a
709 3151 905 3209 Constantino
926 3150 996 3208 data
1017 3160 1078 3226 eet,
1110 3149 1228 3210 decimo

124 3236 249 3296 demum
270 3255 349 3296 anuo
369 3235 506 3314 imperii,
528 3243 565 3293 ut
585 3253 626 3293 ex
645 3235 770 3294 Eueebii
790 3233 938 3295 Chronico
958 3233 1112 3296 discimus.
1156 3255 1228 3316 ergo

124 3343 143 3381 a
162 3323 319 3403 principio·
333 3323 428 3401 ipsius
449 3321 570 3399 imperii
588 3318 629 3379 ad
649 3320 814 3381 secundam
832 3318 1044 3398 indictionem,
1066 3340 1128 3404 qua
1147 3322 1229 3381 facta

122 3406 200 3468 haec
228 3405 378 3466 dedicatio
405 3406 548 3485 Opoleoa,
577 3416 649 3465 eunt
673 3407 842 3466 necessario
864 3407 936 3464 anni
955 3409 1064 3486 viginti
1085 3407 1228 3488 quinque.

124 3504 155 3553 et
174 3494 255 3552 clare
275 3489 471 3553 Cassiodorus
488 3493 750 3574 Hieronymuaque
766 3493 800 3550 in
817 3488 974 3553 (ihronicia
989 3494 1051 3553 suia
1069 3489 1228 3552 honorem

122 3581 157 3638 in
184 3598 298 3638 annum
323 3578 503 3639 vicesimum
523 3578 664 3658 quintum
684 3577 827 3637 referunt.
868 3577 951 3658 apud
971 3577 1140 3638 Gedrenum
1159 3599 1228 3642 cor-

123 3674 229 3744 ruptus
249 3667 361 3724 iterum
380 3682 525 3724 numerus
546 3673 608 3723 eat:
637 3666 682 3749 eoi
701 3657 823 3748 iy‘ieea
844 3667 901 3744 τῆς
921 3656 1017 3728 adecti
1036 3664 1187 3744 βασιλείας
1208 3663 1227 3727 o‘

123 3747 215 3832 μίμας
247 3755 478 3823 Κωνσταντῖνος
503 3751 625 3834 τελευτᾷ
631 3792 640 3824 ,
674 3744 746 3828 μετὰ
774 3745 808 3812 θ’
835 3745 900 3822 ἔτος
926 3753 983 3812 τοῦ
1011 3749 1153 3830 οἰκισμοῦ
1173 3747 1226 3810 ιιαί

123 3833 319 3918 ίμιιαινισμοῦ
348 3838 404 3918 τῆς
433 3829 792 3909 Κσασταασινοαττόλεας.
841 3834 955 3912 corrige
986 3831 1059 3917 μετὰ
1089 3828 1119 3913 η’
1152 3832 1224 3905 ἔτος.

125 3937 194 3979 εσσε
221 3923 263 3984 33
290 3923 377 3982 annia
405 3916 527 3980 detrahe
554 3920 590 3986 8:
621 3916 745 3980 habebis
766 3919 898 4001 reliquos
917 3917 971 3984 25.
1013 3920 1061 3979 hio
1083 3929 1129 3977 est
1150 3936 1225 3976 con-

123 4023 230 4064 sensus
258 4018 423 4070 auctorum.
463 4008 567 4088 itaque
588 4003 670 4088 apud
690 4004 821 4067 eundem
841 4004 1013 4066 cedrenum
1033 4000 1224 4065 scribendum

122 4093 169 4174 τῷ
195 4082 238 4153 κε’
264 4089 322 4155 icet
348 4097 404 4172 τῆς
431 4093 591 4174 βασιλείας.
632 4090 724 4153 hodie
745 4090 844 4151 editur
863 4095 906 4176 τῷ
923 4087 952 4153 α’
974 4090 1041 4154 ίτει.
1082 4088 1223 4166 proclivis

125 4185 287 4253 errorent,
309 4185 339 4234 et
361 4179 518 4259 abaorptua
537 4198 681 4238 numeme
703 4179 856 4262 quinarius
877 4177 1012 4256 aptiore
1033 4175 1121 4232 litera
1141 4174 1224 4236 vocis

122 4263 286 4343 sequentia.
329 4281 400 4342 ergo
422 4283 551 4344 magnua
572 4285 654 4327 error
673 4268 706 4324 in
726 4264 843 4326 Codino
862 4273 975 4324 nostro.
1017 4259 1138 4319 Macae.

167 4352 270 4426 (ἴσως.
290 4351 356 4408 coa.
377 4355 410 4409 σε
430 4354 506 4428 Orig.
529 4355 579 4428 op.
975 4338 1016 4405 15
