2808 4616
153 179 228 252 184
496 169 673 242 lNGERTI
698 167 913 236 AUCTORIS

148 367 296 454 Ὀνωρίου
323 364 357 430 δὲ
383 364 519 452 ἀόελφού
544 361 640 428 αὐτοῦ
663 351 818 435 ἐπίδειξις,
853 357 884 420 ἐν
904 350 1008 440 Ῥώμῃ
1032 348 1263 435 βασιλεύοντος.

153 472 243 538 ἔνθεν
269 469 320 534 καί
342 469 475 554 χρησμοὶ
501 468 552 530 καὶ
576 464 635 551 πρὸ
658 459 745 545 ἡμῶν
769 461 819 525 καί
837 458 894 536 ἕως
911 463 966 541 τῆς
982 459 1072 541 δεῦρο
1091 455 1146 520 ούκ
1164 455 1265 540 ὀλίγοι

153 573 320 664 γεγόνασιν.
370 569 390 656 ἡ
416 571 449 638 δὲ
472 567 593 635 ἀνωθεν
609 573 663 632 τοῦ
682 564 882 653 δρακονταίου
897 559 989 627 ύαινα
1006 559 1066 625 ἀπὸ
1079 559 1265 641 Ἀντιοχείας

153 685 210 764 τῆς
234 675 357 765 πρώτης
380 676 422 752 είς
446 666 768 738 Κωνσταντινούπολιν
792 664 942 750 ἐλήλυθεν
960 667 1008 730 ἐπὶ
1027 665 1265 730 Κωνσταντίνου

155 789 211 852 τοῦ
226 778 360 866 μεγάλου
369 826 379 858 ,
406 779 513 854 καθὼς
529 775 546 840 ὃ
563 775 779 862 προειρημένος
797 773 948 847 Φίλιππος
965 765 1133 854 ἱστόρησεν.
1273 784 1292 838 5
1401 797 1402 806 ι

254 886 307 948 Ἓν
328 889 372 970 τῷ
393 878 604 966 Ἵπποδρομίῳ
628 880 734 943 πολλοὶ
758 873 847 964 φόνοι
864 877 915 942 καλ
932 872 1012 938 κακά
1029 869 1167 956 γεγόνασι
1173 917 1184 949 ,
1210 872 1266 936 καὶ

155 985 290 1074 μάλιστα
314 988 345 1050 lv
368 995 432 1064 τοῖς
454 985 514 1072 πρὸ
537 980 640 1066 ἡμῶν·
667 983 699 1046 ίν
721 975 767 1057 οἷς
790 982 841 1044 καὶ
858 978 910 1067 ἐφ’
930 974 1018 1061 ἡμῶν
1030 969 1263 1050 Ἀναστάσιοςὸ

157 1092 293 1178 μοναχός
311 1089 353 1153 δι’
373 1089 521 1172 ἀληθείας
537 1084 650 1172 τρόπον
666 1082 827 1168 ἀντιλίγοιν
842 1089 886 1172 τῷ
902 1085 1028 1163 βασιλεῖ
1039 1076 1169 1162 ἐκαύθη.

51 1202 74 1257 P
92 1201 142 1260 101
262 1193 415 1269 Εάόοκίας
433 1191 599 1274 Ἀθηναίας
616 1188 695 1254 κατὰ
710 1197 821 1274 μοῖραν
839 1185 1053 1268 δικασθείσης,
1078 1182 1158 1248 κατὰ
1170 1177 1265 1268 χάριν

159 1297 277 1387 ηύρατο
303 1293 397 1380 τύχην
404 1344 414 1376 ,
440 1294 518 1360 καθ’
547 1293 585 1376 ἣν
611 1293 640 1358 oi
666 1288 853 1378 αὐτάδελφον
874 1289 909 1354 τὸ
933 1290 1017 1367 ξένον
1039 1293 1094 1372 τῆς
1116 1283 1262 1370 συγγόνου
1273 1298 1312 1352 10

161 1399 324 1488 ἀκηκοότες
341 1397 495 1482 εὐτύχημα
512 1397 650 1466 ἀνελθεῖν
668 1399 882 1481 συνεπειρῶντο
901 1388 1083 1480 φιλοσόφοις
1099 1387 1135 1469 ζ,
1161 1391 1210 1453 καί
1223 1394 1265 1474 τῇ

160 1505 238 1594 τύχῃ
256 1508 287 1583 ἐξ
305 1505 429 1587 ἀτυχίας
445 1499 617 1585 ἐδεήθησαν
633 1501 808 1582 ίλασθῆναι.
862 1493 1027 1572 Θεοδόσιος
1044 1495 1076 1560 δὲ
1093 1491 1268 1576 ὁβασιλεῦς

162 1614 205 1688 εἲς
226 1609 261 1676 τό
287 1607 408 1674 luntatis
428 1605 541 1688 ἥλατο,
567 1613 631 1680 τοΐς
654 1601 836 1691 φιλοσόφοις
858 1601 1010 1686 ἀρίσκιον·
1037 1600 1090 1662 καί
1102 1624 1148 1674 τις
1165 1596 1269 1662 αὐτῶν

162 1715 218 1780 οὐκ
242 1713 387 1796 ἓνίλησεν.
437 1701 516 1793 ἦσαν
538 1708 572 1773 δὲ
594 1707 647 1773 τὸν
665 1705 801 1793 ἀριθμόν
819 1701 854 1785 ζ,
880 1701 1006 1790 Κρόνος
1023 1699 1126 1790 Κάρος
1140 1701 1268 1781 litteo

158 1816 303 1900 Ἀπελλῆς
326 1807 486 1895 Συλβάνος
508 1808 635 1898 Κόρβος
650 1806 801 1898 Νερούας.
853 1799 938 1876 οὗτοι
954 1813 1085 1891 συνῆσαν
1101 1807 1141 1880 είς
1156 1801 1191 1868 τό
1210 1802 1264 1865 tn·
1275 1818 1315 1874 15

123 1921 251 1986 Βπικὸν
273 1925 317 2007 τῷ
339 1922 477 2000 βασιλεῖ’,
502 1915 580 1994 θίας
596 1915 691 1980 ἕνεκεν
705 1913 890 1996 Ὀλυμπίων.
941 1908 1010 1976 ὁδί
1025 1907 1165 1994 βασιλεὺς
1183 1906 1267 1970 Θεο-

165 2021 268 2100 δόσιος
300 2019 381 2109 ἀρῶν
411 2021 484 2097 τούς
510 2015 700 2107 φιλοσόφους
725 2013 943 2098 θαυμάζοντας
968 2012 1028 2102 ἔφη
1054 2013 1130 2100 πρὸς
1156 2006 1271 2086 αύτούς

161 2119 210 2194 “ui
234 2122 417 2214 φιλόσοφοι,
444 2126 471 2188 sl
494 2120 682 2206 θαυμάζετε,
707 2116 1048 2207 κατεφιλοσοφήθητε.”
1102 2111 1145 2191 ὡς
1161 2113 1271 2179 αὐτίκα

165 2228 374 2314 ἀποκριθῆναι
397 2227 449 2290 ἕνα
471 2226 504 2302 ἓξ
527 2225 645 2304 αὐτῶν,
675 2225 821 2307 Ἀπελλῆν
844 2220 988 2304 ἀνόματι,
1014 2222 1065 2286 καὶ
1092 2223 1199 2296 εἰπεῖν,
1223 2215 1270 2300 μὴ

166 2327 337 2412 θαυμάζειν
354 2327 406 2410 ἐμὲ
423 2325 494 2403 τούς
506 2328 620 2402 ’ίππυυς
635 2332 678 2413 τῷ
696 2324 841 2411 ἐπιβάτη,
863 2325 951 2403 εῑιλιλς
968 2325 1102 2413 ἀκριβῶς
1119 2320 1167 2388 ότι
1179 2323 1316 2390 innocuo

167 2429 341 2521 ἀνθρώπων
365 2426 507 2511 ἐπιβάται
527 2427 721 2516 γενήσονται,
747 2429 982 2514 ἀλλασσομίνων
1004 2435 1064 2494 τῶν
1084 2425 1272 2510 Ὀλυμπίων,

168 2539 219 2602 καλ
241 2535 277 2601 τὸ
301 2528 463 2617 θαυμάζον
480 2530 702 2615 ἀμβλωπιάσει.
751 2529 893 2618 Νερούας
910 2535 943 2599 δὲ
959 2532 1155 2620 ἀπεκρίνατο,
1178 2527 1273 2593 κακόν

130 2643 209 2742 {ispi
231 2638 368 2722 βασιλίδι
391 2644 538 2720 στοιχεῖον
562 2632 626 2723 ἀρῶ
649 2641 694 2725 τῷ
716 2637 852 2726 στοιχείῳ
874 2643 930 2722 τῆς
949 2633 1042 2721 τύχης
1058 2633 1273 2722 συντρέχοντα.

168 2872 252 2927 rantis
276 2873 412 2944 praeferre
436 2873 558 2942 speciem.
592 2873 662 2926 unde
684 2872 747 2926 item
771 2873 876 2927 oracula
896 2870 997 2941 pridem
1019 2874 1049 2924 st
1071 2869 1104 2923 ad
1121 2867 1171 2920 hoc
1187 2881 1274 2934 usqne

167 2950 271 3012 tempus
285 2961 347 3024 'non
370 2960 454 3014 pauca
471 2944 638 2997 exstiterunt.
671 2944 774 3012 hyaena
791 2949 878 2996 autem
895 2959 963 3011 quae
980 2957 1060 3010 supra
1076 2937 1198 2991 draconis
1216 2945 1274 2988 sta-

168 3018 241 3064 tuam
265 3013 375 3078 visitur,
400 3029 433 3064 ex
449 3012 590 3065 Antiochia
606 3013 694 3065 veteri
711 3012 829 3082 cpolim,
853 3011 1029 3064 Constantino
1047 3025 1141 3078 magno
1159 3007 1273 3076 impera-

166 3086 242 3146 tore,
262 3085 293 3130 ut
309 3091 463 3134 memoratus
481 3081 615 3150 Philippus
631 3083 731 3148 refert,
751 3081 829 3134 allata
846 3087 897 3134 est.

230 3216 237 3230 ι
271 3147 303 3198 In
328 3149 505 3218 Hippodromo
529 3151 625 3204 multae
650 3152 744 3202 caedes
765 3151 926 3220 plurimaque
947 3148 1014 3200 male
1030 3151 1184 3218 perpetrata
1200 3150 1272 3210 sunt,

169 3231 331 3298 maxumeque
348 3221 508 3288 temporibus
526 3237 595 3288 quae
613 3236 661 3272 nos
679 3229 893 3289 praecesserunt3
920 3218 966 3270 ubi
989 3225 1077 3270 aetate
1095 3227 1187 3269 nostra
1200 3215 1273 3266 Ane-

170 3292 267 3339 stasrus
285 3289 423 3342 monachus
441 3290 474 3340 ob
492 3289 630 3341 veritatem
647 3289 799 3357 imperatori
814 3305 963 3358 repugnans
982 3295 1110 3339 crematus
1127 3292 1179 3338 est.

271 3355 391 3438 Eudociu
413 3358 582 3410 Atheniensis
607 3368 734 3426 paternae
757 3373 836 3410 causa
860 3357 1015 3410 hereditatis
1037 3355 1107 3408 litem
1129 3353 1275 3417 intentans,

169 3425 270 3506 formae
295 3433 382 3493 gratra
405 3427 534 3480 fortunam
556 3426 671 3492 invenit,
699 3427 774 3480 cuius
797 3428 911 3493 iratres,
936 3425 1025 3478 mirem
1045 3427 1115 3478 illam
1132 3431 1161 3476 et
1179 3438 1276 3474 novam

170 3509 271 3574 sororis
286 3499 382 3575 sortem
400 3497 548 3562 audientes,
568 3511 625 3547 cum
643 3496 804 3566 philosophis
820 3505 920 3566 septem
937 3496 1125 3548 adscendentes
1142 3494 1276 3558 fortunae,

171 3578 205 3614 ex
225 3563 372 3614 rniortumo
391 3573 423 3617 ut
438 3565 490 3617 sibi
509 3566 672 3634 placeretur,
698 3567 889 3636 supplicabant.
925 3565 1091 3618 Theodosius
1110 3580 1174 3616 vero
1191 3563 1277 3631 impe-

170 3637 245 3683 rator
267 3630 296 3683 in
318 3631 527 3756 philosophorum
551 3635 662 3704 gratiam
683 3636 716 3686 ed
737 3637 842 3688 Circum
866 3634 1010 3702 concessit,
1038 3649 1166 3701 nemoque
1185 3647 1275 3684 eorum

170 3717 203 3752 eo
230 3716 342 3770 pergere
368 3719 419 3772 neg
429 3705 492 3758 exit.
540 3711 617 3757 erant
641 3709 728 3758 eutem
754 3721 861 3757 numero
887 3713 1002 3774 septem,
1032 3705 1150 3770 Cranus,
1178 3701 1274 3766 Carus,

169 3769 282 3852 l'elops,
307 3770 425 3840 Apelles,
451 3773 598 3842 Sylvanus,
621 3775 742 3838 Curvus,
767 3775 867 3827 Nerva.
903 3773 931 3826 hi
949 3791 1006 3825 cum
1023 3773 1180 3841 imperatore
1198 3768 1275 3821 ludos

170 3856 199 3920 nn
223 3839 302 3892 Circo
326 3841 461 3908 spectandi
479 3859 557 3894 cause
573 3843 692 3897 aderant.
727 3843 893 3896 Theodosius
911 3860 974 3895 vero
991 3841 1167 3894 admiratione
1183 3847 1275 3906 captos

170 3923 245 3990 ymos
268 3909 434 3976 conspicatus
453 3911 492 3961 sic
512 3927 558 3963 eos
576 3913 732 3980 alloquiturr
757 3907 793 3964 “o
811 3912 972 3982 philosophi,
998 3912 1022 3964 si
1039 3911 1182 3977 miramini,
1206 3905 1276 3960 victi

170 3993 199 4027 sn
216 3977 378 4048 philosophie
395 3973 491 4030 estis.”
525 3985 581 4062 tum
596 3998 630 4032 ex
647 3981 698 4034 illis
716 3999 782 4034 unus
798 3981 904 4051 Apelles
923 3981 1009 4035 dictus
1032 3976 1103 4034 “non
1121 4000 1136 4034 e
1156 3998 1170 4032 ο
1188 3976 1277 4031 homi-

170 4060 218 4096 nes
237 4063 370 4130 equorum·
380 4063 533 4099 ascensores
549 4064 642 4114 miror,
671 4067 728 4102 cum
745 4051 828 4120 probe
845 4050 926 4104 scium
944 4052 1002 4106 iore
1019 4056 1049 4106 ut
1065 4051 1126 4121 equi
1137 3999 1277 4102 lominum

172 4127 325 4170 ascensores
348 4120 416 4181 arnt,
442 4120 542 4168 mutato
566 4117 763 4188 Olympicorum
787 4118 891 4188 ordine,
918 4127 945 4173 et
963 4121 1032 4190 quod
1048 4117 1219 4175 admirationi
1235 4121 1278 4170 est

173 4176 327 4241 hebeseet.”
362 4186 454 4240 Nerva
480 4182 547 4237 dlxit
570 4178 684 4242 “malum
706 4189 798 4258 regiae
820 4189 881 4245 urbi
903 4190 1006 4262 signum
1024 4188 1103 4247 video
1122 4203 1179 4244 cum
1196 4185 1276 4254 siguo
