2808 4616
449 267 509 333 DE
534 265 761 335 AEDIFIGIIS
787 267 848 334 GP.
875 312 878 322 ·
1131 269 1207 340 1oe

205 456 252 523 Tb
281 457 314 522 δέ
337 453 495 541 λεγόμενον
515 451 742 522 Kentourinon
758 451 780 540 ἡ
797 449 896 542 ν’τόρτα
913 453 974 520 ἀπὸ
993 457 1025 519 Γ
1021 463 1135 544 αληνοῦ
1151 467 1208 528 τοῦ

97 561 325 648 παρισταμένου
344 561 386 637 εἰς
402 558 437 624 τὸ
454 560 567 642 κτίσμα
583 565 640 626 τοῦ
655 559 775 643 λιμένος
792 557 883 641 ἔλαβε
899 556 1053 643 τοῦνομα·
1078 564 1207 652 καὶγὰρ

99 669 211 744 ἐκεῖνος
227 661 419 740 κοντόσκελος
436 660 655 746 ἐπωνομάζετο.

200 800 247 867 Ἡ
272 801 416 886 λεγομένη
447 806 503 866 τοῦ
537 801 711 888 Ψορελαίου
737 799 817 883 μονὴ
841 800 989 889 πρότερον
1012 799 1209 887 Μυρόδωνος

73 910 243 981 sinulatio.
295 902 311 970 ὅ
330 907 364 970 δέ
380 901 580 990 κοπρώνυμος
597 902 789 990 διερχόμενος
806 905 870 969 ἐκεῖ
881 902 1019 994 ἠρώτησε
1034 905 1087 972 τὸν
1099 907 1209 993 πατρί-

99 1036 165 1076 κιον
188 1009 242 1076 τὸν
266 1009 484 1091 Καμουλιανὸν
509 1014 574 1084 πῶς
598 1009 738 1092 κέκληται
753 1004 774 1092 ἡ
791 1006 888 1092 μονή·
913 1016 970 1076 τοῦ
987 1011 1020 1074 δὲ
1037 1009 1080 1094 μὴ
1099 1010 1210 1076 εἷὸέναι

100 1113 252 1193 εἰπόντος,
287 1113 379 1190 αὐτὸς
407 1111 495 1189 εἰδὼς
521 1115 573 1176 καὶ
598 1113 754 1199 ἐνυβρίσαι
779 1112 882 1178 θέλων
905 1113 1044 1200 τὴντῶν
1067 1120 1209 1198 μοναχῶν

98 1224 216 1306 βρῶσιν
250 1218 423 1303 ψαρελαίσυ
459 1220 622 1280 καλεῖσθαι
653 1214 767 1300 ταύτην
792 1217 944 1297 ἐκέλευσε,
970 1220 1021 1283 καὶ
1046 1219 1148 1304 γέγονε
1173 1217 1208 1283 τὸ

98 1321 210 1389 τούτου
235 1319 320 1408 ῥῆμα
341 1317 445 1407 κόριον
462 1317 560 1402 ὄνομα
576 1326 614 1406 τῇ
631 1326 720 1406 μονῇ.
772 1320 801 1386 οἳ
819 1322 853 1385 δὲ
869 1323 961 1390 έκεΐσε
978 1325 1107 1406 μοναχοί
1124 1347 1208 1407 τηνι-
1225 1343 1247 1398 p
1263 1345 1298 1398 55

57 1441 93 1494 10
100 1433 200 1494 καῦτο
217 1425 371 1512 ἐξέφυγον.

198 1558 236 1627 Ὁ
255 1558 452 1648 χορτοβολών
475 1555 491 1624 ὅ
516 1557 559 1623 ολν
576 1561 619 1635 είς
635 1559 670 1624 τὸ
687 1556 818 1624 Βῦκινον
835 1559 976 1644 ἐκκλησία
995 1551 1034 1643 ἦν
1049 1565 1106 1625 τοῦ
1122 1556 1209 1646 ἆγίου

94 1665 239 1752 Ἀνδρέου
247 1714 258 1745 ,
282 1662 320 1750 ἢν
344 1660 497 1750 ἀνήγειρεν
510 1661 722 1740 Ἰουστινιανὸς
739 1661 755 1728 ὁ
772 1662 877 1748 μέγας.
928 1659 945 1726 ὃ
964 1663 997 1728 δέ
1014 1665 1211 1747 Καβαλλῖνσς

99 1771 238 1854 ἐποίησεν
255 1767 350 1852 αὐτὴν
363 1773 592 1855 χορτοβολῶνα.

205 1909 261 1984 En
286 1905 342 1990 τὴν
369 1905 556 1988 καλουμένην
585 1902 759 1985 Ψαμαθέαν
782 1901 1029 1968 alternaturam
1047 1901 1211 1986 σεβόμενον

56 2027 93 2082 15
103 2012 179 2098 παρ’
193 2006 340 2092 Ἕλληνές
356 2033 446 2083 τινος.
498 2007 599 2092 ἔλεγον
616 1998 670 2070 οὖν
687 2006 716 2070 οἳ
732 2008 914 2092 Χριστιανοὶ
925 2006 1003 2094 πρὸς
1014 2006 1068 2071 τὸν
1081 2009 1210 2091 σέβοντα

103 2110 180 2178 αὐτό
202 2110 306 2177 “nacti
328 2117 457 2195 ψεῦσμα
480 2109 556 2188 θεός
581 2113 645 2177 ἐστι
671 2115 761 2176 τοῦτο
778 2109 813 2175 τὸ
831 2110 887 2176 σὸν
905 2109 1030 2176 εἴδωλον
1036 2110 1073 2190 ,²²
1100 2113 1152 2176 καὶ
1176 2113 1210 2176 ἐκ

101 2213 214 2282 τούτου
246 2214 355 2297 ἔλαβεν
383 2212 404 2298 ἦ
436 2210 535 2302 πόρνα
562 2213 618 2297 τὴν
643 2209 786 2296 τοιαύτην
810 2214 973 2296 ἐπίκλησιν.
1025 2212 1047 2298 ἢ
1071 2215 1131 2282 ἀπὸ
1155 2220 1211 2280 τοῦ

100 2318 222 2404 ὕψωμα
244 2325 348 2398 θεῖον,
375 2316 478 2383 διὰτὸ
496 2315 617 2382 ἄνωθεν
631 2318 782 2382 ἵστασθαι
799 2315 852 2382 τὸν
868 2319 967 2400 τίμιον
984 2315 1128 2406 σταυρόν.

174 2518 237 2586 lp.
254 2514 290 2570 34
305 2513 392 2566 Band.
513 2507 696 2582 Κοντοσκοίλη
716 2511 751 2566 0.
872 2512 1019 2583 Γαληνσῦ]
1034 2507 1210 2581 nyssaenus

171 2581 349 2652 τσυρμοίρχου
365 2599 396 2634 rr.
416 2582 510 2652 eReg.
631 2581 693 2652 4p.
711 2580 746 2634 48
762 2582 847 2636 Bond.
968 2581 1128 2648 ψωρελαίου
1146 2583 1209 2638 Vat.

173 2650 364 2723 Μυρόδωνος]
382 2647 532 2720 μυρέλαιον
549 2651 588 2721 C,
607 2651 748 2720 μυρίᾶονα
765 2653 831 2704 Vat.
969 2653 987 2707 6
1004 2646 1210 2720 κουμουλιανόν

171 2723 241 2790 Reg.
380 2721 398 2773 8
423 2716 562 2775 latram
585 2715 601 2774 o*
624 2725 721 2789 χοῖρος
741 2720 810 2790 Reg.
949 2723 983 2775 ll
1027 2722 1095 2804 24⁵
1122 2723 1209 2776 band.

171 2785 341 2862 γσρτσβολὴς
367 2792 431 2844 Vnt.
588 2790 621 2844 12
656 2783 854 2850 Ἰουστινιανὸς
881 2787 968 2843 ἐκεῖσε
997 2739 1143 2857 έρχομενος
1175 2793 1209 2846 C.

174 2861 209 2914 14
224 2879 252 2928 p.
270 2858 305 2914 48
321 2857 406 2910 Band.
521 2854 665 2925 ψαμαθὰν
682 2858 714 2910 0.
830 2853 1097 2928 laceratorem]
1115 2854 1209 2914 ὅτιτὸ

171 2920 349 3051 ρίιλωέσνίὶὸ
372 2925 439 2997 σέβῃ
463 2921 501 2987 ὣς
522 2923 613 2996 θεόν,
638 2923 791 2996 ψεματινές
814 2924 879 2982 ἐστι.
915 2927 939 2980 C
965 2933 1006 2997 et,
1031 2927 1077 2997 qui
1100 2938 1208 2997 ψευμα-

195 3014 237 3052 ειν
256 3015 282 3064 e,
325 3013 366 3064 ag.

206 3169 289 3221 Porta
305 3183 374 3237 quae
390 3171 502 3220 vocatur
520 3165 730 3232 Contosoalium,
756 3184 849 3220 nomen
865 3167 1002 3238 accepite
1020 3169 1139 3236 Gaiano,
1164 3170 1209 3238 qui

101 3245 256 3294 structurae
270 3245 362 3308 portus
380 3241 505 3306 praeerat
521 3242 550 3288 et
567 3237 798 3305 cognominabatur
817 3237 1000 3291 Contosoelus.

206 3307 399 3360 Monasterium
425 3305 560 3360 Psarelaei
584 3313 663 3359 antea
684 3308 869 3360 nominabatur
885 3307 1052 3376 Myrodonis.
1086 3325 1144 3360 cum
1162 3325 1210 3362 au-

102 3387 157 3430 tem
174 3377 287 3447 quodam
305 3383 425 3448 ternpore
442 3376 634 3428 Constantinus
650 3373 690 3428 Co
709 3394 835 3446 ronyrnus
851 3376 916 3430 illud
933 3377 1096 3448 praeteriens
1114 3377 1212 3436 Catuu-

101 3448 201 3500 lianurn
217 3447 357 3516 patricium
373 3447 568 3514 interrogaret,
593 3397 722 3515 quomogo
739 3447 769 3498 id
785 3447 971 3502 monasterium
987 3455 1143 3516 vocaretur,
1171 3455 1212 3502 at-

102 3533 156 3585 qua
180 3516 204 3569 ia
227 3533 256 3569 aa
279 3533 373 3570 nomen
398 3515 455 3568 eiua
477 3515 579 3568 nescire
604 3515 791 3584 responderet,
816 3517 976 3586 imperator,
1001 3519 1046 3587 qui
1063 3519 1131 3571 bene
1147 3517 1212 3572 illud

101 3591 229 3654 noverat,
256 3586 383 3639 nominari
400 3584 480 3638 iussit
495 3585 682 3638 monasterium
698 3585 849 3652 Psarelaei,
873 3586 985 3640 illudens
1002 3588 1106 3642 scilicet
1121 3605 1213 3642 mona-

102 3655 175 3724 chis,
203 3655 272 3726 quod
296 3671 399 3724 semper
415 3655 582 3707 comederent
599 3654 694 3725 pisces.
729 3663 758 3707 et
773 3656 958 3710 monasterium
975 3657 1080 3728 quidem
1098 3659 1148 3711 boc
1164 3674 1214 3711 no-

101 3741 164 3777 rnen
180 3725 304 3792 retinuit,
325 3723 446 3778 monachi
463 3741 528 3776 raro
545 3733 690 3797 propterea
706 3724 768 3778 inde
784 3727 969 3796 profugerunt.

208 3795 319 3848 Foenils
342 3795 412 3862 quod
430 3800 473 3846 est
487 3793 515 3846 iu
532 3795 589 3846 loco
608 3803 759 3862 nuncupato
777 3793 907 3862 Barcino,
934 3797 1007 3867 prius
1024 3796 1136 3852 ecclesia
1154 3801 1213 3849 erat

102 3861 135 3914 S.
161 3865 275 3933 apostoli
297 3864 435 3932 Andreae,
462 3880 539 3932 quam
561 3872 731 3916 exstruxerat
748 3863 910 3920 lastinianus
926 3883 1044 3938 maguus.
1081 3869 1212 3920 Constan-

103 3931 178 3985 tinus
195 3950 260 3986 vero
278 3934 463 4003 Coptonyurua
479 3950 537 3986 eam
553 3933 666 3988 mutavit
683 3935 710 3986 in
725 3933 835 3988 foenile.

208 4003 240 4054 In
257 4012 336 4074 porta
353 4021 421 4074 quae
438 4009 551 4057 vocatur
566 4004 736 4071 Promethea,
753 4003 850 4057 idolurn
867 4005 970 4070 stabat,
989 4005 1059 4076 quod
1076 4004 1213 4058 colebatur

103 4087 120 4121 a
140 4071 251 4139 quodam
268 4073 375 4142 gentili:
402 4079 542 4144 propterea
557 4075 656 4143 igitur,
682 4074 752 4143 quod
771 4073 919 4132 Christiani
935 4075 993 4128 eius
1010 4072 1107 4126 cultori
1122 4071 1214 4124 dicere
1258 4072 1265 4086 '

103 4139 223 4192 solerent
244 4134 344 4196 “fulsus
370 4150 412 4196 est
435 4149 464 4196 et
487 4145 629 4196 ementitus
651 4143 717 4198 deus
740 4145 790 4196 boc
805 4149 879 4198 tuum
896 4137 1030 4209 idolum,”
1056 4142 1115 4192 ideo
1132 4146 1213 4209 porta

103 4207 143 4260 sio
161 4209 294 4264 nominata
312 4219 369 4276 ert3
395 4211 439 4267 vel
454 4221 565 4284 propter
582 4213 723 4268 exaltatum
740 4213 778 4268 rbi
795 4222 903 4269 amatae
921 4221 950 4268 at
968 4208 1135 4266 venerandae
1151 4225 1212 4264 oru-

103 4277 142 4331 ois
159 4277 278 4350 signum²
302 4282 373 4352 quod
390 4299 470 4354 supra
487 4301 545 4341 eam
562 4283 675 4356 positum
693 4295 762 4342 erat.
