2802 4636
182 287 233 360 36
517 287 735 355 GEORGIUS
762 287 950 356 eooldus

181 482 243 543 τῶν
265 480 431 555 ταξεοιτῶν.
482 477 534 542 καί
557 473 670 542 ὁπόταν
687 473 797 564 ἤρχετο
816 471 834 542 ὃ
850 471 1012 560 βασιλεύς,
1037 475 1172 541 ἐδίδοντο
1192 475 1289 564 αὐτῷ,

181 584 233 647 καί
260 577 419 667 παρευθδς
444 577 612 662 ἐλάμβανεν
637 582 733 647 ἐκεῖσε
757 579 885 659 ἕκαστος
900 580 956 665 τὴν
974 575 1062 644 λύσιν
1078 577 1185 644 αύτοῶ.
1238 579 1288 646 ὅτε

181 685 218 751 δέ
240 675 279 767 ήν
302 680 319 748 ὃ
340 681 486 766 βασιλεύς
504 685 536 748 ἐν
551 690 595 774 τῷ
612 685 767 774 παλατίρι,
791 684 872 750 καθ’
891 680 1022 768 ἑκάστην
1037 685 1157 771 πρωίαν
1174 681 1288 766 {iremus

182 781 367 874 ίβδομιίριάν
381 811 467 866 τινα,
491 789 543 852 καλ
559 784 784 872 ἀνελαμβάνετο
803 786 863 854 ἀπδ
879 793 941 855 τῶν
955 789 1113 865 ταξεοιτῶν
1125 786 1165 852 τά
1179 784 1288 876 ῥιπτά-

182 915 258 976 μενα
276 889 400 974 δεητικά
417 887 573 972 πιττάκια,
599 894 651 957 καὶ
668 893 770 958 ἐδίδου
787 891 866 960 καθ’
887 886 1017 975 ἑκάστην
1033 886 1051 957 δ
1067 889 1214 974 βασιλεύς
1229 889 1311 969 vaga

143 1001 169 1056 1>
185 991 286 1072 λύσεις
307 996 358 1060 καί
381 993 438 1071 τάς
453 991 625 1083 ἀποφάσεις
640 995 741 1062 αὐτῶν
758 995 798 1080 δὴ
814 1001 876 1061 τῶν
891 993 1055 1062 πιττακίοιν
1070 1003 1135 1072 ταῖς
1149 990 1289 1078 ἑβδομα-

183 1100 260 1184 ρίοις
282 1094 304 1180 ή
326 1098 514 1176 κοιτωνίταις
535 1098 649 1180 αύτού,
675 1102 727 1164 καί
751 1096 909 1186 ἀπήγαγον
932 1096 1011 1184 πρὸς
1031 1095 1088 1183 τὴν
1111 1096 1209 1183 αύλήν
1233 1103 1290 1165 τού

182 1197 360 1282 Πιττάκου,
385 1203 438 1268 καί
455 1202 574 1270 ἐδίδουν
588 1213 653 1281 τοῖς
670 1199 878 1290 φυλάσσουσι,
896 1187 1028 1268 κάκεῖνοι
1044 1209 1109 1280 τοϊς
1124 1201 1290 1286 δεομένοις.
1381 1271 1382 1282 1

183 1305 232 1371 διὸ
260 1306 311 1369 καί
338 1305 368 1370 οἳ
392 1305 552 1389 μέλλοντες
576 1309 760 1373 διοικεῖσθαι
786 1308 902 1390 ταχίους
928 1303 1058 1393 ἐσπίρας
1083 1306 1207 1372 ἐτίθουν
1232 1305 1290 1383 τάς

182 1406 316 1489 δεήσεις,
350 1411 401 1474 καὶ
433 1415 473 1496 τῇ
505 1407 650 1497 ἐπαύριον
681 1405 854 1494 ἐλάμβανον
886 1409 922 1478 τδ
955 1410 1062 1498 πέρας.
1110 1410 1144 1476 ἐκ
1176 1406 1287 1476 τούτου
1295 1421 1326 1475 lo

183 1509 301 1596 ἐκλήθη
329 1508 346 1577 ὃ
371 1508 465 1591 τάπος
487 1511 527 1579 τά
552 1509 718 1580 Πιττάκια.

282 1615 334 1680 Ἐν
356 1621 401 1706 τῶ
423 1620 624 1706 τριβουναλίρι
648 1623 704 1684 τοῦ
726 1614 877 1682 παλατίου
899 1614 1052 1692 Εύδοκίας
1073 1619 1129 1699 τῆς
1146 1612 1290 1700 γυναικὸς

187 1719 356 1784 Θεοδοσίου
382 1722 433 1784 καί
458 1721 553 1786 odacri
577 1725 634 1788 τοῦ
659 1721 827 1788 Θεοδοσίου
852 1721 1042 1805 Μαρτιανοῦ
1064 1743 1097 1785 τε
1122 1720 1174 1784 καὶ
1196 1720 1290 1784 Κων-

183 1823 342 1888 στιιντίνου
366 1829 475 1905 πῆλαι
498 1822 639 1909 ἔστησαν.
688 1823 768 1890 ibae
784 1825 837 1890 καὶ
853 1820 993 1910 ὀρχήσεις
1008 1827 1070 1890 τῶν
1086 1817 1143 1888 δύο
1161 1823 1290 1906 δημοτι-

183 1931 245 1993 κῶν
260 1931 362 2012 μερῶν
379 1927 513 2012 ἐγίνοντο
531 1929 588 2006 {bg
598 1925 810 2017 Ἡρακλείουμ
1295 1939 1327 1992 15

281 2026 320 2094 ‘0
345 2030 379 2096 δέ
401 2029 574 2112 Ζεύξιππος
595 2031 632 2100 sd
656 2032 786 2121 λουτρδν
806 2026 867 2096 ἀπὸ
889 2023 1030 2116 Σεβήρου
1046 2023 1290 2111 κατεσκευάσθη,

184 2134 235 2197 καὶ
259 2131 457 2220 ἐστοιχειῶθη
481 2138 559 2217 μετὰ
581 2133 736 2220 κανδήλας
758 2133 910 2202 ἅπτεσθαι
933 2129 1074 2215 ύαλίνης,
1098 2131 1134 2198 cd
1154 2133 1187 2197 δέ
1202 2128 1289 2217 ύδωρ

92 2235 167 2290 Pil
186 2236 259 2315 ζίειν
282 2239 445 2322 σφοδρῶς,
470 2240 522 2301 καὶ
546 2236 598 2303 τὸν
620 2237 697 2326 ἀέρα
720 2243 777 2305 τοῦ
798 2241 940 2324 λουτρού.
991 2233 1145 2324 ἀλόγιστοι
1162 2235 1198 2300 δι’
1212 2259 1291 2312 τινες

183 2334 327 2415 ἐλδύντες
343 2343 432 2404 τούτο
449 2339 672 2426 κατέστρεψαν.
724 2338 750 2408 ἀλ
766 2347 823 2424 τῆς
839 2341 959 2424 ζημίας.

281 2436 329 2506 Ἡ
349 2439 446 2527 στήλη
469 2439 491 2527 ή
514 2442 658 2528 ἱσταμένη
682 2444 714 2507 ἐν
735 2449 781 2533 τῷ
803 2443 987 2530 ἀρμαμίντῳ
1006 2443 1104 2506 Φωκῶ
1117 2446 1172 2507 τοῦ
1188 2453 1331 2529 cupa-2⁰

181 2540 292 2611 τιῶτου
319 2545 400 2625 ἐστί,
425 2548 475 2611 καί
500 2548 532 2612 ἐν
554 2554 598 2635 τῷ
621 2545 745 2638 ἑβδόμῳ
768 2545 827 2613 ’ίτει
849 2554 904 2632 τῆς
926 2545 1023 2612 αύτοῦ
1044 2547 1202 2628 βασιλείας
1219 2548 1289 2632 περὶ

183 2647 219 2714 τὸ
248 2649 334 2725 τέλος
363 2647 543 2730 σπουδάζων
572 2650 732 2738 ἀναγαγεῖν
762 2650 858 2736 αύτήν
887 2651 919 2716 ἐν
947 2655 992 2739 τῷ
1020 2648 1174 2716 κτισθέντι
1201 2651 1289 2726 κίονι,

251 2786 391 2846 dietrami
402 2793 465 2848 vm.
483 2787 515 2847 δ’
527 2787 621 2848 ἐκεῖνα
632 2795 699 2850 Bav.
767 2788 898 2848 8πιτιάκ
928 2791 996 2849 Βετ.
1064 2794 1097 2848 ll
1110 2785 1287 2847 reiaddliav.

252 2863 287 2918 12
303 2881 331 2933 p.
343 2861 472 2918 90Band.
524 2858 571 2932 ἐν]
589 2856 636 2918 ἐπὶ
653 2866 720 2918 Bar.
773 2866 807 2920 13
817 2862 866 2918 soi
876 2864 965 2917 aaroni
975 2862 1043 2930 τοῦ]
1060 2863 1113 2916 τοῦ
1124 2856 1240 2930 ἐγγάνοο
1252 2863 1286 2916 [⁴¹.

252 2935 286 2990 16
303 2951 329 3004 p.
340 2934 375 2990 24
385 2933 471 2988 Baud.
545 2936 581 2990 20
598 2954 625 3006 p.
639 2935 674 2988 il
685 2933 770 2989 Band.
845 2933 899 2986 τού
908 2951 966 3002 στρ.
979 2927 1036 2988 lest
1046 2931 1099 2986 τού
1109 2927 1242 3003 βασιλέως
1252 2931 1287 2986 0.

182 3049 307 3104 vantibus
331 3051 391 3105 illos
416 3053 442 3104 ei
465 3053 506 3105 rei
529 3053 668 3107 destinatis
693 3051 834 3118 ministris,
861 3069 878 3106 a
900 3051 995 3122 quibus
1018 3057 1113 3120 postea
1133 3049 1290 3121 imperatori

182 3119 252 3172 istuc
275 3121 393 3174 venienti
415 3122 612 3186 offerebantur3
637 3130 667 3176 et
691 3123 840 3194 accipiebat
856 3121 894 3174 ibi
912 3139 945 3174 ex
961 3127 1080 3190 tempore
1098 3120 1212 3190 quilibet
1227 3137 1289 3174 seu-

181 3189 291 3242 tentiam
308 3207 390 3244 suam.
425 3193 529 3259 quaudo
547 3201 634 3246 autem
651 3191 679 3244 in
696 3192 795 3262 palatio
813 3192 1022 3244 commorabatur
1037 3191 1196 3260 imperator,
1223 3207 1289 3260 quo-

182 3258 249 3309 tidie
273 3259 356 3327 primo
383 3276 457 3312 mane
480 3262 623 3330 ablegabat
645 3261 756 3331 aliquem
780 3277 814 3314 ex
837 3261 1005 3314 cubiculariis
1027 3260 1060 3312 ad
1082 3259 1248 3329 recipiendos
1272 3275 1288 3312 a

181 3327 326 3395 praedictis
354 3329 481 3382 ministris
511 3333 615 3383 oblatos
643 3331 746 3384 libellos
776 3329 923 3400 supplices,
955 3329 988 3382 ad
1016 3347 1083 3398 quos
1112 3329 1170 3399 ipse
1199 3327 1289 3384 statim

180 3397 373 3466 respondebat,
394 3409 479 3451 atres
501 3401 622 3453 onsiones
638 3417 688 3470 per
705 3399 920 3453 hebdomadarios
938 3415 985 3452 seu
1002 3398 1179 3452 cubicularios
1197 3398 1289 3451 remit

181 3466 256 3518 tabat
273 3468 305 3519 ad
323 3468 464 3520 columnam
482 3418 588 3522 i’ittacii
605 3469 755 3522 custodibus
772 3469 964 3534 restituendas,
982 3468 1028 3538 qui
1044 3469 1104 3520 illas
1120 3485 1200 3539 porro
1214 3483 1289 3521 suoru

181 3533 276 3603 cuique
294 3537 495 3604 supplicantium
511 3540 665 3592 reddebant.
701 3555 782 3608 quara
801 3539 847 3608 qui
863 3539 915 3591 cito
930 3538 982 3591 sibi
996 3537 1121 3590 satisfieri
1135 3537 1289 3606 cupiebant,
1384 3551 1385 3560 ¹

180 3619 294 3672 vespera
304 3605 369 3688 .i¹.¹i⁶
393 3606 557 3692 deponebant
579 3609 770 3694 postulationes
785 3624 869 3690 ματα,
894 3613 923 3661 et
939 3607 1066 3679 postridie
1082 3605 1160 3680 primi
1175 3623 1288 3677 respou-

179 3689 235 3726 sum
255 3675 457 3798 ωίύρίέἐάύάολί
467 3677 935 3816 &cilitiicsutsatfiitetaccdilodlaiiazserant
948 3744 1081 3800 Eudociae
1094 3743 1184 3798 uxoris
1196 3743 1287 3797 Theo·

179 3809 250 3864 dosii
266 3817 294 3864 et
309 3811 393 3882 ipsius
411 3815 556 3870 Theodosii
567 3825 595 3870 et
605 3817 735 3870 Marciani
747 3826 775 3870 et
786 3815 965 3868 Constantini.
997 3815 1094 3867 ibidem
1105 3815 1226 3867 solennes
1237 3815 1288 3868 fie-

178 3881 246 3935 bant
262 3882 416 3938 saltationes
434 3885 542 3938 duarum
558 3887 723 3958 popularium
740 3886 883 3940 factionum
900 3901 983 3954 usque
1000 3885 1034 3938 ad
1049 3883 1212 3937 Heraclium.

284 3951 414 4006 Thermae
438 3955 568 4027 Zeuxippi
594 3975 609 4009 a
631 3957 734 4008 Severo
757 3955 880 4008 conditae
896 3963 973 4024 sunt,
998 3961 1028 4006 et
1044 3961 1103 4006 arte
1120 3953 1231 4024 quadam
1246 3949 1286 4006 ita

177 4025 286 4088 paratae
312 4030 341 4074 ut
365 4024 480 4078 candelis
503 4026 596 4078 vitreis
619 4026 847 4078 succenderentur.
881 4039 950 4092 aqua
976 4029 1064 4076 autem
1088 4019 1285 4076 servantissime

178 4089 288 4144 bulliens
314 4109 399 4146 aerem
427 4111 531 4164 quoque
553 4095 641 4148 balnei
663 4094 831 4148 calfaciebat.
867 4093 938 4163 quod
960 4099 1056 4163 postea
1071 4090 1163 4146 stolidi
1179 4089 1286 4162 quidam

179 4162 300 4213 mortales
318 4165 490 4218 sustulerunt.

282 4231 377 4286 Statua
405 4235 433 4288 in
462 4231 661 4288 armamentario
684 4231 770 4304 posita
793 4229 899 4283 Phocoe
921 4227 1031 4296 tyranni
1054 4232 1111 4300 est,
1140 4243 1217 4299 quam
1240 4228 1286 4282 ille

176 4297 287 4365 septimo
316 4319 384 4358 anno
412 4301 455 4358 oui
483 4299 587 4374 imperii
615 4317 695 4371 supra
722 4299 865 4354 columnam
892 4297 961 4368 erigi
989 4298 1109 4368 amavit,
1138 4298 1284 4354 octodecim
