2802 4636
480 289 539 354 DE
566 287 817 358 omomsssus
843 288 905 357 GP.
1196 287 1244 358 23

138 477 193 541 aci
210 474 414 560 κατέρχεσθαι
430 476 474 553 είς
488 474 545 560 τὴν
566 472 741 545 θάλασσαν.
790 482 889 545 ταῦτα
914 475 948 543 δέ
971 474 1174 562 ἐκτίσθησαν,
1204 474 1246 556 ῶς

139 579 271 667 εέρηται,
296 579 382 666 παρὰ
402 580 569 669 Οῧρβικίου
592 582 796 666 πραιποσίτου
820 584 871 647 καὶ
894 581 1084 650 Σαλουστίου
1111 578 1285 669 ἐποίρχουῦ

138 685 190 748 καί
214 689 276 748 τῶν
297 687 422 749 λοιπῶν.
473 683 648 750 καταλιπών
665 687 700 752 δὲ
716 685 820 762 αὐτοῖς
835 682 1014 774 κεντηνοίρια
1026 687 1156 774 χρυσίου
1174 682 1245 762 ἑξα-

139 783 229 853 κόσια
248 785 291 864 εές
306 811 338 854 τε
355 786 429 864 τοὺς
446 785 597 871 ἐμβόλους
613 790 664 853 καὶ
680 789 753 867 τοὺς
770 788 907 876 ἀγωγοὺς
923 791 975 855 καί
985 787 1025 855 τὰ
1033 790 1116 872 τείχη
1124 837 1134 868 ,
1152 787 1245 865 αὐτὸς

113 881 176 972 δῆν
202 889 282 956 κατὰ
309 893 462 970 Σκυθῶν,
489 894 539 957 καί
565 889 721 971 ὑποτάξας
742 895 873 971 ἐκείνους
897 892 994 960 ἔιιτισε
1018 889 1120 970 πόλεις
1140 894 1244 970 ἐκεῖσε,

137 990 194 1078 τήν
216 1019 249 1060 τε
272 989 505 1082 Περσθλᾶβαν,
537 995 595 1081 τὴν
621 995 781 1084 Δίστραν,
812 996 867 1082 τὴν
889 999 1090 1080 Πλίσκουβαν
1114 997 1166 1062 καί
1190 995 1246 1080 τὴν

138 1099 367 1164 Κωνσταντίαν.
434 1105 533 1165 ταῦτα
557 1100 590 1166 δὲ
613 1099 798 1186 ἐκτίσθησαν
821 1099 906 1189 παρὰ
930 1106 985 1166 τοῦ
1011 1100 1177 1188 Οὖρβικίου
1205 1101 1247 1175 είς

132 1198 267 1289 χρόνους
284 1198 340 1268 odo
356 1199 452 1287 ἥμισυ
459 1251 470 1282 ,
493 1201 552 1268 ἀπὸ
571 1209 676 1291 φωνῆς
688 1203 839 1290 Ἑρμείου.
890 1203 986 1270 ἔιιτισε
1004 1205 1039 1270 δὲ
1055 1205 1106 1270 καί
1122 1204 1160 1269 τοὶ
1173 1199 1246 1290 Ἆρ-

136 1307 260 1388 μαπίου.
303 1304 359 1390 τὴν
376 1307 410 1371 δὲ
425 1303 537 1394 κόρτην
554 1307 651 1375 αὐτοῦ
667 1307 756 1393 ἔπηξε
772 1311 824 1374 καὶ
841 1307 881 1374 ccl
898 1306 1022 1396 ἅρματα
1039 1306 1135 1374 αὐτοῦ
1151 1307 1245 1372 ἐκεῖσε

94 1423 130 1476 10
140 1410 290 1488 ἀπέθετο,
316 1407 366 1476 ὅτε
388 1405 516 1488 ὖπέταξε
532 1410 605 1490 τοὺς
621 1413 818 1492 Βυζαντίους.
871 1415 913 1489 είς
929 1413 963 1476 δέ
979 1409 1025 1478 τῶ
1035 1407 1170 1495 ὀνόματα
1186 1414 1247 1476 τῶν

136 1519 231 1601 τριῶν
256 1512 352 1578 uiuaci
376 1513 452 1580 υἱῶν
475 1512 572 1582 ἔκτισε
596 1515 636 1582 aa
652 1513 787 1582 παλάτια
803 1513 843 1582 τὰ
860 1511 1033 1599 καλούμενα
1049 1517 1245 1582 Κυνσταντι-
1262 1524 1287 1578 D

137 1615 244 1694 νιανολς
259 1619 311 1684 καὶ
327 1615 366 1684 τοὶ
383 1615 557 1702 καλούμενα
573 1616 718 1686 Kelousa.
750 1618 822 1704 ἔστη
841 1619 941 1685 δὲκαὶ
958 1615 975 1683 ὃ
993 1615 1074 1696 οἶκος
1090 1624 1146 1685 τοῦ
1163 1623 1248 1684 Του-

135 1718 235 1806 βάκης
255 1723 307 1786 καί
330 1727 386 1787 τοῦ
399 1721 579 1810 Ὀβηρίτζη,
605 1721 696 1811 ὅνπερ
720 1721 782 1806 {figat
810 1719 827 1788 ὃ
852 1723 1063 1810 ἆκροπολίτης.
1115 1721 1188 1800 τοὺς
1213 1721 1248 1786 δὲ

136 1824 228 1902 ναους
243 1827 295 1890 καὶ
312 1825 350 1890 τὰ
369 1826 460 1891 λοιπὰ
477 1825 537 1894 ὅσα
555 1824 710 1913 ἀνήγειρεν
727 1824 743 1890 ὅ
753 1826 1104 1912 μέγαςΚωνσταυτΐνος,
1121 1825 1247 1911 ὕστερον

93 1942 129 1994 15
139 1931 181 2006 είς
196 1928 235 1994 τὰ
251 1930 320 2015 περὶ
337 1926 512 2012 κτισμάτων
528 1931 666 2018 ἐροῦμεν.

208 2108 225 2158 5
244 2093 291 2172 ἦν]
309 2097 416 2174 ἐκίνησε
434 2107 468 2158 O.
577 2097 664 2159 ἐκεῖσε
681 2105 733 2158 add
751 2105 786 2160 0.
895 2104 911 2161 7
928 2099 1007 2170 παρὰ
1022 2105 1074 2158 τοῦ
1094 2098 1248 2172 Οῶρβικίου

208 2191 251 2226 om
269 2173 303 2227 C.
405 2173 424 2228 8
446 2167 496 2241 ἐφ’
513 2161 536 2226 oi
553 2165 649 2242 ἓρμίου
667 2175 730 2228 Vat.
749 2173 831 2238 alter3
859 2174 991 2226 alteram
1101 2167 1249 2240 ἅρματεῖσι,

209 2237 284 2326 &adae
309 2235 493 2328 τὸπρῶτον,
522 2239 577 2326 πρὸ
594 2243 647 2295 τοῦ
664 2237 814 2328 καροίρηειν
830 2235 863 2326 fai
881 2237 1050 2310 Βυζάντιον,
1080 2235 1183 2361 ἔπηξειὲ
1197 2234 1249 2308 τήν

205 2328 311 2434 ἒῖιέἔ.
328 2309 774 2443 “²²²⁰”1l“lll?ll“llsl²lll
784 2307 911 2436 ⁰²⁷⁶⁶ii‘i
922 2311 1017 2449 iiiia
1034 2375 1067 2434 aa
1086 2309 1250 2439 „nillil

207 2449 260 2502 τοῦ
276 2442 409 2520 βασιλέως
423 2446 472 2504 καί
484 2451 536 2504 τοῦ
553 2445 568 2504 ὅ
589 2448 701 2518 ηρίτζου
718 2450 783 2505 vat.
794 2449 868 2504 alter.
888 2443 958 2517 μεθ’
977 2437 1016 2502 ῶν
1031 2445 1081 2502 καί
1097 2444 1133 2501 πολ
1150 2443 1251 2500 καλού-

206 2535 277 2588 μενα
293 2513 430 2584 Κοίντου,
458 2513 531 2591 οἷπερ
554 2537 567 2572 ε
596 2519 624 2573 lv
648 2513 722 2573 ολκοι
740 2517 792 2573 ποῶ
808 2515 951 2608 saepultura
968 2515 1016 2572 καί
1033 2514 1155 2590 ίβερίτζη
1172 2517 1248 2570 alter.

209 2588 242 2642 13
254 2584 391 2660 Ἰβηρίτζη
410 2588 443 2648 0.
547 2583 623 2654 ὅστις
639 2591 767 2644 καλεῖται
783 2589 836 2644 τοῦ
851 2588 1041 2658 ακροπολίτου
1056 2587 1089 2647 0.

136 2744 241 2798 foetida
257 2742 384 2796 colluvies
400 2760 450 2812 per
466 2759 513 2796 eas
528 2743 556 2796 in
573 2759 647 2796 mare
663 2743 803 2797 deflueret.
838 2743 905 2795 haec
920 2743 1026 2813 itaque,
1043 2749 1074 2796 ut
1089 2741 1251 2804 dictumest,

137 2813 264 2867 Urbicius
279 2811 463 2882 praepositus,
493 2812 632 2866 Sallustius
648 2814 800 2884 praefectus
818 2820 846 2866 et
868 2812 965 2881 reliqui
987 2812 1168 2875 condiderunt.
1202 2810 1251 2862 im-

138 2891 248 2954 perator
270 2889 375 2947 autem,
404 2882 537 2934 sexcentis
561 2882 621 2934 auri
642 2881 803 2934 centenariis
827 2881 859 2934 ad
885 2883 1003 2950 porticus
1027 2881 1206 2950 aquaeductus
1223 2885 1252 2930 et

137 2970 225 3006 muros
244 2951 418 3004 exstruendus
436 2951 549 3017 relictis,
567 2951 626 3020 ipse
642 2952 770 3004 adversus
790 2949 907 3019 Scythas
923 2952 1058 3020 proiectus
1076 2957 1132 3012 est,
1148 2947 1251 3015 illisque

140 3021 288 3092 subiugatis
306 3021 386 3072 urbes
404 3021 521 3073 condidit
535 3021 731 3089 Persthlabam‚
748 3020 882 3086 Distram,
906 3019 1057 3073 Pliscubam
1074 3025 1103 3071 et
1119 3019 1252 3071 Constan-

139 3092 213 3145 tiam.
248 3091 316 3144 haec
336 3089 462 3142 Urbicius
478 3091 580 3143 duobus
598 3090 672 3143 annis
692 3098 720 3143 et
736 3089 860 3158 dimidio,
889 3090 997 3142 homatu
1013 3089 1140 3142 Hermiae
1157 3086 1250 3138 aedili·

139 3161 222 3214 cavit.
251 3165 393 3230 praeterea
410 3159 541 3212 exstruxit
556 3159 746 3214 Constantinus
763 3159 842 3212 aedes
852 3159 982 3214 Harmatii
998 3159 1077 3227 vulgo
1094 3157 1187 3225 dictas,
1204 3154 1253 3208 ubi

139 3239 238 3284 cortem
255 3247 328 3281 suam
345 3245 491 3298 currusque
516 3229 621 3297 posuit,
652 3245 709 3282 cum
725 3229 871 3300 Byzantios
894 3229 1073 3297 subiugasset.
1108 3244 1125 3278 a
1146 3225 1251 3278 nomine

140 3308 227 3352 autem
251 3300 330 3351 trium
352 3297 466 3351 liliorum
490 3297 610 3352 condidit
632 3299 747 3369 palatia,
775 3315 844 3366 quae
869 3297 1020 3351 Constantii
1044 3303 1073 3348 et
1095 3294 1251 3349 Constantis

141 3369 316 3422 nominantur.
351 3368 450 3420 struxit
465 3367 546 3420 etiam
561 3367 662 3421 domum
678 3369 806 3422 Tubacae
824 3373 855 3422 et
870 3367 1031 3432 Oberitzae‚
1057 3366 1085 3418 in
1103 3383 1155 3435 qua
1172 3381 1251 3433 prae·

141 3441 228 3493 fectus
245 3437 316 3490 arcis
333 3435 448 3492 habitat.
482 3443 615 3490 caeterum
633 3438 667 3490 de
682 3438 786 3508 templis
802 3445 831 3491 et
846 3437 964 3507 reliquis,
983 3452 1051 3506 quae
1062 3434 1252 3494 Constantinus

142 3524 249 3578 magnus
267 3505 435 3575 aedificavit,
452 3510 548 3577 postea
563 3507 591 3562 in
609 3507 677 3561 libro
696 3507 728 3560 de
748 3505 875 3562 aediliciis
891 3507 988 3562 dictum
1004 3521 1102 3560 sununs.
