2814 4608
468 223 525 291 AD
553 221 752 292 CODINUM
775 223 930 296 NOTAE.
1174 231 1250 308 257

143 409 228 460 erant
249 420 304 460 seu
325 401 371 460 od
387 401 486 460 latera
507 402 659 482 iugalium
677 405 819 483 euinque
829 405 965 484 sonibus
981 408 1119 488 alligati;
1141 431 1250 494 quam.

143 489 246 548 obrem
276 489 392 546 Latinis
410 489 542 568 sunalee
570 500 600 548 et
618 489 758 568 sonoro,
789 491 910 551 Graecis
931 488 1080 578 παράοροι
1102 507 1131 556 et
1150 497 1252 585 παρά.

144 593 237 654 σειροι
258 583 409 634 vooantur.
452 575 550 632 Lanu.

226 680 256 737 p.
279 657 320 720 64
340 677 367 717 v.
389 658 419 722 5.
464 653 626 730 σκυτάλαις
646 650 939 738 α’σοιιεφαλίζισθαι,
968 658 1027 720 hoo
1048 671 1108 738 est,
1129 669 1250 728 conticis

142 744 206 802 sive
236 743 307 802 loris
331 744 418 801 caedi
440 765 534 822 sesque
553 741 598 800 od
614 763 724 806 necem.
766 746 844 806 Hist.
864 746 1019 806 Miscellae
1041 759 1144 809 auctor
1163 753 1184 812 l.
1205 757 1248 818 22

142 831 246 903 vertit,
266 829 384 907 flagris
404 831 508 888 occidi.
551 829 648 892 ΙιΔΜΒ.
1216 867 1222 876 ·

224 935 254 994 p.
278 913 319 976 65
340 934 369 978 v.
393 913 422 976 4.
466 912 489 994 ἡ
511 911 604 993 ἱέρεια
624 915 679 992 τῆς
698 904 848 991 Ἀθηνᾶς]
878 916 980 994 Auges
1006 915 1167 979 sacerdotis
1186 923 1248 980 Mi-

140 1017 250 1058 nervae
271 1009 416 1074 statuam,
440 1018 516 1078 quae
537 1002 570 1056 in
591 996 718 1057 thermis
738 1000 890 1077 Zeuxippi
911 1004 1007 1080 posita
1026 1015 1106 1082 erat,
1127 1024 1247 1068 memo-

141 1095 187 1142 rat
208 1083 420 1156 Christodorus
442 1095 531 1163 poeta
553 1081 677 1144 Anthol.
699 1084 721 1140 1.
743 1084 774 1146 5.
816 1087 913 1144 Luam.

225 1191 255 1248 p.
278 1171 318 1234 65
340 1190 369 1228 v.
393 1172 444 1232 16.
488 1189 594 1228 sensus
616 1181 675 1243 est,
702 1179 820 1248 partem
840 1171 898 1228 fori
918 1169 1108 1230 Constantini
1127 1193 1248 1236 nuncn-

139 1265 243 1334 patam
275 1257 441 1330 Horreum,
477 1255 549 1312 inde
579 1275 690 1314 nomeu
721 1252 861 1314 habuisse
894 1255 976 1336 quod
1006 1259 1172 1338 antiquitus
1202 1263 1247 1322 ihi

139 1341 246 1401 fuisset
272 1337 431 1414 horreum,
462 1343 547 1400 ouius
576 1341 642 1398 loco
672 1349 777 1419 postea
806 1341 964 1399 columnae
990 1355 1105 1402 erectae
1124 1356 1194 1405 sunt
1216 1357 1247 1408 et

140 1445 227 1484 arcus
259 1427 412 1484 orientalis
443 1425 516 1499 fori,
555 1427 629 1484 alias
661 1423 758 1484 dictus
786 1426 999 1498 Amastriani,
1031 1448 1122 1508 supra
1153 1450 1245 1512 quem

139 1507 332 1587 horologium
357 1531 479 1568 aereum
500 1511 610 1589 Cyzico
632 1511 759 1568 allatum
781 1520 810 1568 et
832 1513 988 1592 exemplar
1008 1533 1130 1572 aereum
1148 1516 1246 1578 modii

140 1597 301 1670 cumulati,
334 1616 351 1654 a
373 1597 583 1657 Valentiniano
605 1598 751 1672 instituti,
784 1604 814 1652 et
835 1594 912 1654 duae
933 1617 1041 1658 manus
1063 1618 1165 1660 aereae
1186 1600 1245 1662 ha-

138 1683 192 1740 stis
213 1683 341 1757 infixae,
365 1693 395 1740 et
415 1685 510 1760 ipsius
531 1683 735 1742 Valentiniani
753 1682 941 1760 imperatoris
960 1693 1074 1761 statua,
1096 1696 1127 1744 et
1147 1687 1245 1746 simu-

137 1767 254 1826 lacrum
283 1787 406 1826 aereum
432 1769 582 1826 Fortunae
610 1769 693 1826 urbis
716 1768 862 1826 collocata
884 1779 977 1826 erant.
1020 1770 1057 1828 ab
1079 1789 1167 1832 aereo
1188 1793 1245 1832 su·-

137 1862 200 1910 tem
221 1852 324 1912 modio
345 1855 389 1911 ibi
409 1855 508 1932 posito
530 1855 615 1913 locus
637 1855 728 1912 etiam
749 1847 856 1931 μόδιος
876 1855 925 1910 vel
946 1848 1054 1932 μόδιον
1075 1859 1244 1936 appellatus

136 1938 205 2000 fuit.
250 1937 358 2019 ώρεῖον
387 1940 438 1997 vel
465 1935 563 2019 ὀριῑοα
591 1959 646 2018 pro
676 1936 833 2012 horreum,
868 1947 897 1994 et
926 1932 1032 2016 μόδιος
1056 1957 1111 2000 seu
1135 1939 1244 2021 μόδιον

136 2044 191 2102 pro
224 2023 326 2082 modio
358 2023 601 2103 frequentissime
631 2033 790 2084 occurrunt
817 2019 898 2100 apud
925 2025 1083 2103 scriptores
1111 2027 1244 2090 Graeco·

135 2109 288 2170 barbaros.
331 2110 373 2166 ita
395 2108 504 2168 Snidas
526 2109 634 2168 eadem
656 2108 693 2167 de
714 2129 753 2168 re.
767 2109 895 2186 loquens
916 2127 946 2170 v.
968 2111 1113 2190 Μαναΐμ,
1136 2105 1175 2175 οὗ
1193 2115 1244 2172 ἱιι-

136 2196 202 2272 quit
232 2196 294 2274 (sc.
319 2196 452 2274 Μαναῒμ
474 2193 659 2278 στρατηγοῦ)
688 2187 780 2274 στήλη
809 2193 909 2255 ἵστατο
937 2191 970 2256 ἒν
997 2197 1040 2278 τῷ
1066 2195 1243 2278 creovorum

134 2277 247 2363 σι’ρείρι,
275 2274 293 2342 h
321 2279 383 2342 ἐστι
409 2274 531 2359 μόδιος·
560 2273 602 2361 ἦν
622 2277 679 2360 γαρ
702 2278 825 2359 αι’ρεῐον,
853 2275 931 2340 ἔνθα
952 2261 1243 2347 contererentur

133 2361 194 2444 repo
215 2370 270 2427 τοῦ
292 2365 378 2429 οἷ’κου
398 2369 565 2446 Κρατεροῦ.
609 2384 686 2445 quae
707 2363 799 2422 verba
820 2364 862 2420 ita
883 2362 1027 2422 vertenda
1045 2377 1131 2426 sunt:
1155 2371 1243 2428 ααίιιι

132 2460 234 2507 statua
263 2453 368 2527 posita
402 2461 467 2508 erat
500 2452 534 2507 in
569 2449 632 2508 loco
667 2459 841 2525 nuncupato
874 2449 991 2506 Horrea
1023 2450 1088 2509 sive
1119 2453 1240 2514 Modio.

131 2535 271 2593 horreum
287 2539 367 2594 enim
374 2536 457 2616 suit,
478 2533 532 2594 obt
549 2555 630 2594 nuno
647 2545 708 2592 stat
725 2534 866 2593 columna
882 2545 953 2592 ante
971 2534 1094 2594 domum
1114 2537 1239 2598 Crateri.

132 2632 285 2679 caeterum
312 2621 395 2700 quod
418 2639 509 2697 supra
532 2619 599 2677 dixi
619 2622 720 2677 locum
740 2621 930 2676 nominatum
950 2621 1103 2679 Horreum
1123 2635 1243 2702 partem

131 2707 226 2764 fuisse
247 2705 307 2762 fori
324 2705 582 2776 Constantiniani,
608 2703 680 2760 inde
701 2703 819 2760 elicitur
840 2701 922 2780 quod
940 2703 1072 2764 eodinus
1095 2708 1241 2787 absidem,

133 2809 226 2869 qnam
251 2789 295 2848 ibi
323 2790 440 2846 stetisse
471 2790 529 2862 ait,
561 2807 593 2865 p.
614 2789 657 2848 68
675 2806 704 2848 v.
728 2787 747 2848 5
778 2789 909 2866 appellat
935 2806 1037 2845 arcum
1063 2791 1241 2854 orientalem

131 2875 192 2934 fori
213 2884 242 2932 et
263 2895 294 2952 p.
315 2869 355 2934 45
378 2893 407 2934 v.
428 2874 449 2934 2
471 2891 573 2930 arcum
595 2872 778 2930 Amastriani
798 2880 962 2950 nuncupat.
1003 2875 1105 2936 Laus.

217 2981 247 3039 p·
266 2960 307 3022 66
327 2977 355 3016 v.
374 2961 404 3019 7.
449 2957 482 3019 ἐν
501 2960 542 3042 τῷ
561 2954 700 3040 καταγέρι
721 2955 836 3040 μοδίμ]
858 2953 917 3014 hoc
936 2966 998 3032 est,
1019 2969 1054 3016 nt
1071 2979 1126 3038 ego
1144 2959 1240 3020 inter-

132 3054 248 3124 pretor,
268 3045 301 3100 s'n
318 3045 504 3102 concavitate
517 3041 710 3100 subterranea
725 3041 785 3100 loor'
798 3044 968 3119 nuncupati
981 3045 1082 3106 modii.
1125 3041 1239 3120 ναύτας

131 3150 203 3190 vero
233 3131 410 3208 simpliciter
435 3127 494 3188 hoc
522 3129 589 3188 loco
619 3127 751 3188 (lodiuus
772 3137 859 3188 vocat
878 3130 1095 3206 negotiatores,
1125 3132 1240 3210 quiex

30 3265 36 3273 .
130 3217 269 3296 Aegypto
296 3212 449 3274 Phoenice
477 3213 565 3295 Syria
592 3223 622 3272 et
643 3215 708 3274 eliis
729 3215 804 3274 locis
825 3215 1033 3274 transmarinis
1053 3217 1239 3278 frumentum

131 3302 252 3380 Cpolim
281 3299 479 3360 advehebant.
523 3319 614 3380 supra
641 3321 674 3380 p.
695 3296 737 3366 45
758 3319 789 3364 r.
811 3301 832 3362 7
854 3319 905 3358 eos
926 3301 1059 3380 appellat
1079 3297 1239 3384 ἐμπόρους.

131 3385 263 3467 ἔμπορος
291 3387 373 3444 enim
399 3387 520 3466 proprie
548 3386 711 3465 significat,
741 3395 776 3444 ut
797 3386 840 3444 ait
859 3385 1005 3466 Ulpianus
1025 3386 1238 3449 Demosthenis

130 3474 296 3552 interpres,
317 3469 372 3535 τόν
393 3467 623 3556 πραγματευτήν
641 3468 826 3556 ἄνθρωπον,
847 3467 902 3534 τόν
919 3475 1054 3536 otiosiores
1068 3467 1238 3540 θάλασσαν.

131 3560 234 3619 hans.
448 3566 450 3572 ’

215 3665 247 3724 p.
268 3645 312 3706 66
332 3662 363 3701 r.
384 3641 414 3704 9.
457 3641 553 3700 scribe
575 3633 780 3723 ἀμφοτέρους,
803 3659 914 3722 nempe
934 3637 1006 3716 τους
1026 3637 1238 3724 λαμβάνοντας

131 3727 184 3792 καὶ
203 3725 275 3804 τούς
296 3720 447 3800 διδόντας.
487 3730 591 3786 Lens.

215 3836 246 3894 p.
267 3816 308 3876 67
329 3833 359 3876 v.
381 3813 432 3878 15.
475 3807 538 3893 ἅμα
559 3809 610 3888 ot]
642 3811 751 3871 rectius
777 3807 845 3875 cod.
869 3812 935 3871 Vat.
978 3811 1054 3872 falso
1074 3810 1157 3872 enirn
1177 3809 1239 3870 οο-

132 3897 222 3958 ‹linus
241 3903 405 3978 Asparem,
426 3918 518 3978 quem
536 3907 652 3958 constat
669 3907 788 3978 patrem
804 3897 898 3956 fnism
916 3893 1091 3974 Ardaburii‚
1113 3897 1238 3956 fratrem

133 3985 198 4042 eius
223 3987 364 4064 appellat.
407 3984 462 4044 sed
483 3986 646 4044 necessitas
668 3994 698 4043 et
719 3983 836 4042 occasio
859 3983 954 4061 exigit
973 3993 1008 4042 ut
1028 3983 1120 4063 paulo
1140 3983 1237 4061 proli·

132 4071 203 4128 xius
235 4089 322 4148 agam
349 4069 386 4129 de
410 4073 533 4152 Asparis
553 4071 681 4129 familia.
722 4072 821 4148 Aspar
839 4069 946 4149 igitur,
978 4088 1070 4149 quem
1090 4064 1149 4126 hoo
1169 4069 1237 4127 loco

132 4153 265 4214 Codinus
295 4175 313 4212 a
341 4159 443 4216 Leone
469 4157 597 4217 Macello
625 4157 839 4234 interemptum
865 4156 958 4216 fuisse
979 4155 1036 4229 ait,
1068 4153 1095 4210 is
1117 4155 1238 4232 estqui

131 4241 240 4302 consul
267 4241 326 4302 fuit
354 4261 424 4300 oum
451 4240 624 4304 Areobindo
652 4261 730 4304 anno
759 4251 829 4324 post
855 4239 1010 4302 Christum
1037 4247 1144 4298 natum
1162 4235 1237 4316 431,

176 4331 278 4408 serg.
301 4332 366 4388 coe.
389 4333 422 4388 ae
443 4333 519 4407 orig.
541 4334 591 4408 op.
987 4315 1028 4385 17
