2802 4636
514 289 572 353 DE
599 285 738 354 SIGNIS
766 283 826 350 CP.
1178 285 1227 355 29

23 543 24 554 ,
115 483 257 566 σταυροῦ
278 477 309 541 ἓν
334 472 430 561 οὔτῇ,
459 471 501 551 ὡς
525 473 577 540 διὰ
600 480 656 558 τῆς
681 475 723 550 είς
739 471 791 540 τὸν
808 471 941 560 σταυρὸν
958 471 1086 547 πίπτεις
1102 477 1158 552 τῆς
1172 481 1230 560 γῆς

4 580 26 686 ,ξι
116 581 221 666 πάσης
237 578 385 667 ἓνκινιλι
401 576 546 664 κανών·
570 588 688 667 σννῖιν
706 579 762 659 νίν
778 577 837 663 uie
854 573 873 661 ιλ
891 583 930 662 νῆ
948 577 999 641 uu
1017 575 1051 640 τὸ
1070 601 1229 664 σκαίρον-

4 1713 7 1736 ί

22 683 26 703 ¹
119 689 172 764 ιλὲς
197 691 252 752 τοῦ
278 684 374 766 αὐτῆς
400 682 574 767 σχήματος,
601 685 700 760 πίστις
727 683 761 748 δέ
787 679 804 745 6
829 680 963 768 σταυρὸς
989 679 1044 744 ιλιιλ
1065 679 1118 745 τὸν
1144 683 1229 772 αὐτῷ

116 790 360 878 προσηλωθέντοι
378 787 408 850 έν
425 797 464 875 τῇ
482 791 571 874 σαρκὶ
589 784 673 850 θεόν.
707 786 763 868 τῆν
781 787 882 862 δεξιὰν
897 797 987 872 χεῖρα
1006 785 1229 872 ιλνατεταμίνην

88 895 180 978 δέχιι
199 892 277 959 κατὰ
295 890 460 970 ιλνατολιίς,
478 891 585 958 στάσιν
602 898 663 956 τῶν
673 893 805 974 Περσῶν
823 893 994 974 σημαίνων,
1012 891 1063 953 καὶ
1080 889 1123 973 μῆ
1134 918 1231 972 μετα-

115 1001 235 1081 βαίνειν
260 999 306 1061 έιιλ
330 1001 385 1078 τῆς
397 994 567 1079 Ῥωμαῖκῆς
584 1001 657 1079 γῆς,
684 993 736 1058 ιλιιλ
752 1001 806 1077 τῆς
824 993 999 1070 ἀνατάσεως
1017 996 1067 1058 καὶ
1086 993 1232 1073 ιλιιώσεως

114 1110 174 1187 τῆς
187 1101 291 1188 χειρὸς
306 1105 389 1181 βοῶν
402 1097 514 1186 “aurive
531 1101 669 1186 Πέρσαι,
694 1100 745 1164 καλ
762 1099 806 1182 μῆ
824 1097 930 1188 πρίσω
945 1107 1090 1183 χωρεῖτε·
1116 1100 1152 1164 06
1170 1101 1229 1187 γὰρ

116 1209 250 1272 συνοίσει
268 1201 373 1286 ιἰμῖν.”

216 1309 285 1373 Ὅτι
310 1308 378 1392 περὶ
403 1307 438 1372 τὸ
464 1303 586 1392 βόρειον
607 1306 700 1391 μέρος
721 1311 778 1370 τοῦ
803 1303 902 1392 φόρου
931 1307 1056 1372 λ’στατοιι
1088 1302 1231 1392 σταυρός,

4 1407 18 1520 λη
71 1431 109 1484 10
120 1410 165 1489 ὡς
182 1409 258 1476 εἶδεν
276 1409 368 1475 αὐτὸν
386 1408 402 1474 6
420 1412 515 1496 μέγας
532 1411 762 1486 Κωνσταντῖνος
779 1410 810 1472 έν
827 1416 871 1498 τηλ
888 1410 1007 1498 οὐρανῷ
1030 1411 1232 1496 χρυσέμιτλα·

15 1508 23 1534 ςλ

118 1536 209 1581 στον·
245 1518 295 1579 καὶ
331 1516 362 1577 έν
397 1527 461 1592 τοῖς
490 1516 731 1599 ἀκρωτηριακοῖς
757 1513 861 1598 μέρεσι
889 1511 1086 1598 στρογγύλοις
1111 1512 1231 1596 μῆλοις.

118 1619 209 1684 λ’νθεν
240 1621 292 1683 καὶ
319 1617 412 1697 αὐτὸς
437 1622 487 1686 καί
516 1618 545 1683 οῖ
574 1617 635 1683 υἱοί
662 1617 758 1683 αὐτοῦ
791 1622 987 1704 καθορῶνται
1013 1619 1232 1706 χρυσέμβαφοι

115 1725 209 1812 μέχρι
226 1729 282 1789 τοῦ
297 1727 362 1787 νῦν.

185 1959 203 2010 1
224 1948 271 2020 ως]
287 1946 370 2006 καλ
355 1945 599 2032 υποοημοιίνοντος
616 1944 653 2008 ὣς
671 1947 777 2000 Suidas.
846 1939 936 2030 ληοῖρ
954 1944 1057 1998 addc.
1115 1946 1233 2030 ληιρο-

185 2021 325 2077 σελθόντα
343 2022 404 2074 Vat.
508 2009 538 2068 έν
555 2019 590 2086 τῆ
608 2018 658 2070 add
677 2018 710 2070 Ο.
798 2016 815 2071 6
830 2009 966 2100 ἐκτασεως
982 2016 1036 2100 τῆς
1050 2007 1140 2100 χειρὸς
1156 2009 1233 2067 ἄπει-

189 2095 235 2144 λεῖ
250 2091 325 2173 βοῶν
344 2088 403 2140 σοιλ.
421 2085 496 2140 elius,
583 2087 601 2141 8
617 2096 679 2156 post
696 2084 812 2154 ὑμῖνΟι
830 2080 880 2137 τὸν
898 2075 952 2137 οὖν
970 2079 1058 2168 αὔηόν
1072 2077 1234 2136 ’λουσιινια-

188 2153 241 2212 νόν
267 2155 373 2242 λέγεται
399 2148 563 2238 ἐπαρθῆναι
584 2173 645 2216 τοις
667 2157 718 2208 τοῦ
735 2155 896 2218 Βελισαριόυ
921 2149 1115 2240 εὐτυχήμασιν.
1152 2143 1235 2214 οιτος

188 2217 240 2280 οὗν
257 2223 365 2285 σταλεὶς
381 2218 454 2276 κατεῖ
472 2225 528 2276 τῶν
545 2225 660 2308 Περσαῖν
675 2223 723 2278 κοιλ
740 2225 796 2276 τῶν
812 2223 918 2306 λοιπῶν
942 2223 997 2274 τῶν
1021 2223 1071 2290 τῆς
1094 2219 1235 2290 οἶνατολῆς

187 2290 277 2380 παροῖ
284 2296 335 2347 τοῦ
352 2290 556 2380 βασιλέως,
520 2291 567 2344 καλ
583 2289 693 2376 μοίντας
710 2289 1013 2359 κατατροπωσοίμενος,
1029 2291 1075 2344 καλ
1096 2293 1233 2376 Γελίμερα

186 2361 328 2431 κρατήσας
344 2358 503 2414 αττέστειλιν
521 2357 609 2414 αὐτόν
625 2358 665 2422 είς
682 2361 885 2448 Μαυρουσίαν,
904 2356 991 2414 ἐκεῖσε
1008 2355 1190 2446 τηρεῖσθαι
1174 2355 1232 2448 μιτὸ

186 2435 239 2488 τοῦ
257 2433 347 2497 Φαροῖ.
384 2425 416 2490 ὃς
439 2427 480 2490 είς
503 2427 624 2499 μεγάλην
648 2381 801 2484 6666st
780 2449 870 2495 αρτου
887 2426 1006 2518 γεγονὼς
1023 2425 1072 2482 δια
1096 2424 1128 2484 τὰ
1129 2450 1186 2520 μη
1174 2425 1233 2484 ἐν

185 2521 225 2572 τῳ
245 2501 322 2570 τόπῳ
342 2501 393 2567 τῆς
410 2500 595 2566 Μαυρουσίοις
612 2504 690 2553 σῖτον
707 2503 892 2584 γεωργεῖσθαι
910 2494 975 2552 ἀλλ’
992 2495 1086 2568 ἕῳθόν
1103 2520 1153 2562 τας
1170 2498 1233 2554 666-

187 2591 239 2638 ρας
256 2571 403 2654 σιτεησθαι,
423 2566 526 2656 ἔγραψε
544 2589 583 2639 τῳ
575 2571 712 2641 βασιλεῖ
726 2573 831 2623 στεῖλαι
849 2563 925 2655 αὕτη)
942 2564 1029 2636 ιίίρτον
1045 2567 1095 2622 καλ
1111 2569 1233 2656 σπόγγον

187 2640 234 2696 καλ
254 2635 390 2723 κιθάραν.
422 2633 438 2690 6
458 2633 490 2690 66
507 2623 652 2706 ἐκπλαγεῖς
667 2635 713 2691 ἐπὶ
730 2635 840 2700 τούτοις
854 2635 942 2722 ἤρετο
960 2639 1010 2694 τὸν
1028 2633 1173 2693 ἐπιστολέα
1191 2639 1233 2692 τί-

187 2729 236 2770 νος
250 2705 342 2794 γοίριν
368 2702 459 2760 ταῦτοί
482 2725 512 2776 γε
536 2701 666 2776 ἐπιζητεῖ.
703 2707 751 2762 κοιλ
774 2703 917 2772 ἐξεῖπεν
898 2727 943 2761 οτι
959 2705 1048 2794 ι’ίρτοη
1067 2704 1181 2795 μὲνιλιολ
1199 2703 1232 2762 τὸ

190 2774 278 2864 αιξτόν
305 2772 455 2862 έηιιθυρεῖν
479 2793 509 2828 τε
526 2776 575 2829 καλ
592 2781 709 2861 φαγεῖν,
739 2773 860 2864 ρπόγγον
878 2772 926 2830 διὰ
945 2773 976 2830 τὸ
994 2775 1086 2862 λούειη
1103 2773 1135 2831 τό
1153 2774 1233 2830 ἅπαν

190 2843 278 2901 αὐτοῦ
295 2849 333 2900 σῶ
354 2865 372 2898 α
390 2841 447 2898 ιλπό
466 2865 522 2898 των
539 2843 685 2915 δακρύων,
708 2842 768 2932 τῆη
785 2845 818 2900 δε
836 2843 961 2930 κιθρίραν
986 2844 1035 2901 ιλιιὶ
1052 2842 1084 2899 τό
1101 2865 1232 2915 παραμυ-

188 2920 308 2970 θεῖσθαι
326 2917 418 2988 εαοτρῖ
435 2919 498 2976 ταῖς
512 2920 678 3000 συμφοραῖς.
702 2912 717 2969 6
736 2913 768 2970 δε
787 2911 913 3002 βασιλειλς
930 2910 1073 3002 ἐκπλαγεῖς
1090 2914 1137 2967 καλ
1155 2919 1229 2968 θαι-

187 2985 279 3054 μοὶοας
295 2967 405 3040 ἔστειλε
411 2981 501 3070 τούτιρ
518 2981 554 3037 τιῖ
561 2980 740 3070 αἰτηθέντα
776 2981 824 3038 ὃιοῖ
848 2987 936 3037 ταῦτα
961 2975 1012 3038 σιἰν
1036 2979 1232 3046 Ἰουστινιανὸς

188 3051 326 3122 έπαρθελς
344 3035 501 3138 ἔφιηιτον
487 3049 587 3108 εαυιόν
605 3053 716 3138 ἔστησεν
733 3050 779 3108 λιιλ
795 3054 899 3116 κίονος.
937 3047 968 3116 ὃς
984 3049 1100 3140 ὕστεροη
1119 3050 1232 3140 φθονῆ-

186 3141 237 3186 σας
260 3143 300 3194 τῳ
324 3119 444 3208 ῥηθέντι
468 3119 713 3206 στρατηγικιοτοὶτῳ
731 3125 883 3192 Βελισαρίῳ
907 3116 1023 3210 έξώρυξε
1046 3119 1148 3177 τούτου
1165 3119 1232 3186 τοιλς

189 3176 365 3262 ὀφθαλμούς,
385 3190 432 3278 ηαλ
450 3189 601 3278 προσέταξε
617 3193 719 3246 τοῦτον
737 3177 918 3281 καθεσθῆναι
935 3193 975 3257 είς
991 3213 1026 3247 τα
1016 3189 1163 3280 Λαῦρου,
1181 3191 1231 3248 καλ

187 3257 337 3317 ἐπιδοῦναι
362 3257 442 3330 αὐτῷ
463 3263 559 3346 σγεῦος
584 3254 763 3328 ὄστρακινον,
793 3259 881 3316 καλ
869 3265 1039 3350 ενιιρρίιιτειν
1063 3260 1140 3336 αὐτῷ
1165 3259 1231 3326 τοὺς

187 3332 383 3420 κεχυμένους
400 3325 513 3416 οβολον
625 3332 687 3404 9p.
707 3334 741 3388 13
760 3333 844 3388 Band
879 3351 949 3396 προς
966 3337 1029 3387 Vat
1120 3315 1211 3388 10
1196 3352 1231 3389 ον

185 3353 313 3456 siuv’
277 3397 362 3464 αυτὸς
373 3401 428 3456 elii.
496 3396 694 3471 γροσέμβαφον
709 3401 760 3456 καλ
774 3399 805 3458 έν
823 3407 883 3466 τοῖς
897 3398 1082 3473 ἀκρωτηρίοις
1098 3403 1230 3472 μῆλονθ.

116 3607 160 3659 eui
179 3622 244 3658 crux
262 3607 423 3674 superinfixa
442 3613 497 3673 eut,
529 3607 683 3691 significuus
700 3610 769 3678 quod
788 3609 948 3662 obsidem
940 3627 966 3662 ιο
992 3629 1096 3664 crucem
1113 3613 1233 3666 universi

116 3683 245 3728 terrerum
261 3677 358 3728 orbie'
349 3677 484 3746 imperium
503 3677 615 3744 adeptus
632 3678 677 3732 eit.
712 3681 806 3748 globus
824 3697 915 3762 uempe
931 3689 1030 3734 terram
1047 3683 1180 3751 siguificat
1198 3683 1231 3734 ob

115 3746 256 3798 rotundum
275 3747 332 3798 eius
350 3747 475 3814 figuram
504 3747 581 3798 fidem
599 3765 665 3800 vero
683 3765 762 3816 crux,
791 3750 853 3818 quia
877 3751 976 3802 deus
968 3768 1092 3804 incarne
1116 3753 1155 3804 illi
1180 3751 1233 3804 suit

117 3814 224 3869 uifixuu.
257 3817 392 3868 dexteram
409 3833 511 3868 manum
530 3832 624 3868 versus
635 3819 760 3870 orientem
773 3819 907 3886 extendit,
924 3821 1065 3874 Persarum
1077 3823 1233 3874 seditionem

118 3884 246 3950 innuens,
273 3902 372 3954 eosque
390 3887 543 3938 extensione
561 3893 590 3938 et
592 3889 711 3972 repulsu
731 3905 822 3940 manue
842 3859 1233 3956 pro6inciasRomunas'1nva·

117 3953 181 4005 dere
198 3923 308 4020 νολοιιο,
337 3955 378 4006 his
396 3955 473 4024 quasi
490 3949 609 4008 νοελιίε“
613 3965 682 4009 etate
699 3957 811 4021 Persae,
838 3975 888 4010 uec
905 3959 1015 4013 ulterius
1031 3957 1233 4033 progredimini.

117 4039 203 4093 neque
221 4024 288 4075 euim
306 4025 433 4077 conducet
450 4018 555 4080 vobis?

221 4093 252 4144 Iu
268 4095 474 4161 septemtrionali
492 4103 569 4164 purte
585 4095 639 4146 fori
657 4096 785 4149 collocata
803 4104 846 4150 est
863 4115 943 4163 crux,
967 4098 1054 4152 instar
1070 4099 1139 4152 iliius
1157 4113 1235 4178 quam

117 4161 307 4215 Constantinus
324 4181 433 4232 maguus
450 4166 478 4217 in
497 4165 571 4216 caelo
589 4165 671 4234 vidit,
689 4183 754 4218 auio
773 4167 887 4219 obducta
903 4137 1100 4236 ha6ensque'1n
1117 4165 1233 4234 apicibus

116 4231 232 4283 rotunda
248 4233 324 4286 ιοολο.
358 4233 456 4288 ibidem
472 4235 584 4288 filiorum
602 4234 660 4288 eius
678 4243 784 4290 statuae
801 4245 911 4291 auratae
932 4253 1016 4308 usque
1035 4237 1064 4288 iu
1080 4235 1233 4288 hodiernum

114 4299 185 4353 dieue
201 4301 404 4370 conspiciuntur.

1246 1213 1269 1266 B
