2814 4608
450 204 507 268 tn
535 203 733 270 conruunt
758 203 913 270 noras.
1160 161 1255 275 243¹

126 382 316 464 ξενοδοχεῖον
337 385 399 444 cciv
418 379 570 463 Ῥωμαίων
591 383 735 463 appellat.
777 403 833 464 pro
853 375 1040 457 Ἀλανέσζιον
1056 385 1146 444 etiam
1163 405 1239 446 con-

13 477 15 548 ῥ
126 478 221 526 tracte
248 469 395 548 scriptum
420 469 574 528 invenitur
600 463 775 543 οἷλωνίεζνν,
803 477 838 528 ut
856 488 911 548 pro
933 469 1122 550 καραβίεζεον
1143 495 1238 555 καρα-

13 565 16 632 J
125 555 239 634 βλεζιν,
259 574 314 634 pro
335 552 456 633 πέτριον
476 553 595 637 πέτρον,
616 565 673 616 etc.
715 556 822 617 Larua.

210 659 240 718 p.
261 637 303 705 ⁴13
331 658 361 704 v.
381 638 414 700 8.
462 632 580 720 Ἰησοῦν
614 637 669 703 τόν
708 638 817 721 Ναυῆ]
852 657 882 702 r.
919 639 1039 698 Nicetes
1074 636 1236 703 sshoniates

124 745 154 804 p.
185 721 247 787 848
282 725 323 786 21
361 734 392 782 et
428 724 492 788 857
530 723 572 789 14
607 724 654 785 ed.
683 726 782 788 Bonn.
825 721 880 783 sed
907 721 1052 804 quicquid
1072 725 1126 784 ille
1146 726 1235 805 dicat,

13 799 14 806 ἵ
124 807 201 868 mihi
238 807 365 867 dubium
399 829 461 868 non
490 821 536 870 est
566 812 639 892 quin
669 811 760 869 fuerit
790 810 908 890 antiqui
936 808 1093 869 cuiusdam
1121 813 1235 872 Roma-

123 914 231 953 norum
258 895 449 975 imperatoris
478 907 578 956 statua
607 897 770 978 equestris:
804 897 847 954 ita
869 895 949 952 enim
971 897 1149 978 plerumque
1170 900 1236 958 for-

123 981 200 1038 mari
229 982 334 1042 solitas
363 981 473 1058 fuisse,
506 1001 547 1040 ex
575 983 710 1042 nummis
741 990 771 1040 et
797 981 904 1042 statuis
928 983 1060 1063 antiquis
1083 981 1235 1066 hodieque

122 1064 225 1124 ridere
248 1078 302 1126 est.
344 1068 451 1126 Irsun.

206 1172 237 1230 p.
260 1152 303 1215 48
323 1170 353 1210 v·
376 1153 405 1214 6.
450 1149 585 1233 έστορίας
600 1154 661 1216 τῶν
676 1143 828 1234 ἐσχάτων]
848 1151 955 1229 procul
971 1149 1062 1211 dubio
1076 1151 1232 1234 inscriptio

122 1245 153 1292 et
174 1247 292 1294 caetera
314 1247 491 1296 ornamenta
512 1235 710 1317 intelligenda
731 1245 817 1311 sunt,
847 1256 924 1317 quae
945 1238 1011 1298 basi
1031 1239 1115 1297 illius
1137 1259 1232 1320 eque-

122 1323 191 1380 stris
213 1331 330 1380 statuae
351 1323 502 1402 insculpta
523 1325 654 1388 fuerunt.
697 1320 752 1381 sed
772 1320 905 1382 Codinus
927 1320 977 1382 hic
998 1333 1128 1402 nugatur
1147 1345 1231 1384 more

121 1409 323 1466 recentiorum
345 1410 544 1486 Graecorum,
568 1412 621 1490 qui
640 1426 834 1490 quascunque
851 1409 1059 1488 inscriptiones
1076 1418 1107 1466 et
1121 1409 1231 1488 figuras

121 1494 307 1572 antiquitatis
329 1497 483 1554 Romanae
506 1497 627 1556 oracula
649 1504 679 1554 et
698 1494 856 1574 praesagia
874 1513 975 1554 rerum
994 1495 1164 1554 futurarum
1180 1497 1230 1554 iu-

120 1588 328 1658 terpretantnr.
358 1582 476 1640 'naun

203 1683 233 1742 p-
253 1664 295 1728 43
317 1684 345 1730 v,
365 1668 385 1728 7
403 1684 448 1746 sq.
491 1659 525 1728 sd
541 1657 688 1744 έμπόὸνον
708 1697 751 1711 -
771 1658 945 1745 γνννκλινὲς
959 1661 1033 1745 έγει]
1055 1665 1082 1723 si
1098 1666 1230 1744 genuina

119 1756 165 1806 est
185 1745 262 1807 haec
280 1751 388 1826 lectio,
410 1751 537 1811 verbum
558 1749 617 1830 ἔχει
637 1749 831 1808 referendum
849 1747 970 1808 videtur
991 1748 1030 1807 ad
1050 1749 1130 1808 illud
1147 1750 1229 1832 qnod

117 1836 255 1912 superius
286 1834 380 1912 dixit,
413 1833 651 1919 ἐγγεγραμμένας
676 1835 810 1910 ἱστορίας
835 1837 898 1896 τοὸν
922 1828 1052 1915 ἐσχάτων
1073 1839 1112 1920 τῇ
1131 1832 1227 1900 πόλει.

115 1929 247 1978 statuam
268 1932 370 1980 autem
390 1924 511 1982 virilem
531 1923 664 1980 vinctam
686 1931 716 1979 et
737 1919 946 1999 genuflexam‚
976 1939 1069 2000 quam
1092 1919 1226 1983 (dadinus

115 2005 157 2061 ait
178 2003 217 2061 ad
237 2006 330 2084 pedes
354 2006 418 2087 (sic
439 2009 522 2066 enim
541 2009 632 2066 vertit
654 2002 820 2086 ἐμπόδιον)
844 2006 990 2086 equestris
1008 2007 1092 2065 illius
1109 2016 1226 2066 statuae

112 2089 207 2148 fuisse
229 2093 423 2168 collocatam,
447 2094 579 2152 nationis
599 2091 756 2151 cuiusdam
771 2089 906 2150 devictae
921 2091 1118 2150 simulacrum
1132 2093 1226 2152 fuisse

113 2177 278 2235 verisimile
300 2189 353 2238 est.
396 2175 571 2260 γοννκλινές
591 2179 668 2238 verti
690 2178 901 2254 genuflexum,
926 2187 956 2235 et
976 2173 1035 2235 hcc
1053 2197 1158 2236 revera
1174 2176 1225 2236 hic

112 2261 277 2339 significat,
309 2265 355 2322 uti
386 2266 478 2322 etiam
508 2283 598 2342 supra
624 2267 657 2322 in
686 2263 886 2342 descriptione
906 2253 1068 2322 thea‘matis
1088 2261 1236 2330 secundi.¹

112 2358 191 2405 errat
211 2349 304 2427 igitur
324 2351 488 2424 meursius,
512 2350 565 2429 qui
587 2351 620 2406 in
642 2350 795 2408 Glossario
817 2348 1086 2408 Graeco-barbaro
1107 2359 1224 2409 utrum-

111 2451 171 2511 que
199 2433 308 2492 codini
333 2435 437 2494 locum
465 2437 560 2494 citans
589 2432 764 2516 γοννκλινές
790 2435 976 2494 substantive
998 2436 1094 2514 accipi
1115 2434 1219 2513 credit,

110 2527 140 2576 et
161 2520 330 2598 significare
348 2521 512 2599 pulvinar,
540 2521 624 2601 quod
645 2521 773 2599 genibus
794 2521 1002 2582 substernitur.
1045 2523 1151 2585 haurn.

193 2626 225 2682 p.
248 2605 290 2668 43
313 2627 342 2665 v.
365 2608 384 2666 9
406 2626 454 2685 sq.
499 2604 516 2668 ὁ
544 2609 624 2678 ποῦς
643 2638 686 2650 -
706 2605 960 2688 ἐγγεγραμμένον]
992 2607 1025 2664 in
1054 2605 1121 2670 cod.
1152 2607 1219 2667 Vat.

107 2684 184 2745 haec
212 2690 305 2746 verba
331 2689 581 2767 praecedentibus
603 2690 717 2770 absque
737 2692 979 2770 interpunctione
1000 2710 1119 2750 annexa
1140 2702 1220 2766 sunt,

108 2781 139 2830 et
171 2791 226 2850 pro
257 2776 313 2834 τοῦ
344 2768 475 2854 μεγάλου
504 2775 617 2852 legitur
645 2778 703 2837 τοῦ
731 2774 838 2838 ἵππον.
883 2795 975 2854 quare
1003 2775 1145 2832 credibile
1174 2785 1219 2835 est

108 2855 259 2916 Codinum
281 2859 453 2936 scripsisse,
475 2855 491 2922 d
510 2863 591 2931 ποῦς
612 2854 769 2936 εὕοέννμος
790 2854 808 2921 d
828 2856 1015 2942 έμαρόσθιος
1035 2863 1091 2920 τοῦ
1112 2861 1217 2934 ἵππον,

107 2937 143 3016 ὃς
163 2939 198 3003 εδ
220 2936 448 3024 α’νθραποειδὲς
467 2937 680 3027 χαλκούργημα
700 2940 796 3025 ponzo
815 2947 969 3019 παντελῶς
987 2941 1038 3006 καὶ
1057 2943 1216 3024 δεδεμένον

105 3025 283 3108 γονναλινές
310 3028 384 3108 ἔχει,
416 3027 468 3092 καὶ
494 3023 584 3102 αὕτός
610 3033 750 3110 σημαίνει
776 3025 823 3092 ὅτε
848 3029 942 3093 dusios
969 3027 1215 3111 έγγεγραμμένον.

104 3111 138 3170 id
169 3123 229 3188 est,
262 3115 352 3172 etiam
381 3117 451 3195 equi
470 3136 528 3192 per
553 3117 659 3174 laevus
684 3117 828 3187 anterior,
859 3117 910 3174 cui
936 3113 1073 3194 sigillum
1093 3135 1214 3173 aereum

103 3199 194 3256 virile
214 3199 349 3258 vinctum
370 3212 399 3258 et
416 3201 611 3280 genuflexum
630 3201 781 3260 inclusum
802 3211 857 3271 est,
882 3201 1115 3279 praerigmficat
1135 3221 1213 3280 quae

103 3286 138 3340 irs
170 3305 201 3342 eo
232 3286 379 3363 inscripta
409 3296 489 3344 runt.
533 3306 643 3366 nempe
671 3289 793 3367 respicit
817 3285 949 3346 Godinus
972 3284 1010 3344 ad
1030 3285 1108 3345 illud
1129 3285 1211 3367 quod

103 3369 197 3428 refert
218 3373 337 3430 Nicetas
359 3369 520 3432 choniates
540 3393 569 3451 p.
586 3369 649 3436 849
671 3374 727 3447 10,
748 3375 781 3430 in
801 3374 942 3431 anteriori
959 3373 1080 3430 sinistra
1096 3374 1212 3451 ungula

102 3455 186 3516 illius
214 3458 286 3538 equi
306 3458 431 3518 latuisse
453 3459 680 3536 imagunculam
701 3468 904 3517 consecratam
923 3457 982 3516 viri
1003 3457 1088 3516 claro
1109 3470 1210 3516 trans-

102 3540 159 3598 fixi
187 3552 217 3600 et
243 3543 368 3622 plumbo
394 3542 530 3624 undique
559 3545 664 3618 cineti3
697 3563 775 3623 quae
794 3541 834 3602 ad
854 3543 1109 3602 conservationem
1127 3545 1209 3602 urbis

103 3635 134 3684 et
164 3625 367 3705 prohibendas
395 3630 589 3689 barbarorum
620 3631 807 3688 incursiones
836 3629 879 3686 ibi
907 3629 1024 3687 inclusa
1054 3639 1126 3692 erat.
1171 3629 1208 3686 cf.

101 3709 185 3770 idem
204 3735 236 3793 p.
255 3715 318 3778 858
341 3717 374 3778 6.
417 3714 455 3775 de
478 3712 626 3774 eiusmodi
646 3717 752 3775 statuis
771 3715 950 3774 consecratis
967 3715 1042 3774 alias
1058 3713 1208 3795 quaedam

101 3799 214 3864 notari.
255 3801 360 3862 Lana.

186 3905 218 3962 p·
239 3883 282 3949 48
303 3907 333 3947 v.
356 3885 406 3951 10.
451 3883 469 3951 o‘
488 3885 579 3969 μέγας
598 3885 693 3966 νέων]
715 3887 887 3945 columnam
908 3882 1078 3946 cochlidem
1099 3883 1206 3944 Theo-

102 3963 180 4024 dosii
207 3971 240 4026 in
267 3973 370 4032 Tauro
396 3975 487 4034 sitam
508 3971 558 4032 hic
577 3970 808 4050 intelligendam
829 3992 893 4032 esse
915 3991 1038 4048 censeo,
1067 3991 1144 4051 quae
1166 3967 1205 4028 ad

101 4055 308 4114 summitatem
329 4079 426 4139 usque
447 4061 526 4118 intra
547 4078 580 4118 se
600 4060 704 4139 pervia
726 4068 805 4134 erat,
837 4069 868 4116 et
890 4058 1082 4116 circumcirca
1101 4055 1204 4132 figuris

100 4139 227 4218 sculptis
258 4155 412 4210 exornata.
454 4145 579 4204 Manuel
604 4142 800 4225 Chrysoloras
819 4144 852 4202 in
874 4145 1000 4224 epistola
1021 4140 1059 4199 de
1081 4159 1204 4220 compa-

99 4225 216 4284 ratione
250 4229 360 4288 reteris
396 4241 427 4289 et
459 4250 556 4292 norae
591 4233 704 4292 Romae
734 4231 839 4305 νλονας
869 4221 1076 4311 περιγλύφονς
1106 4237 1202 4286 vocat.
