2808 4616
475 259 536 324 DE
562 257 789 328 lunlnlcns
815 258 876 326 ΟΡ.
1180 261 1229 334 97

125 440 323 532 ἀνεπλήρωσε
338 444 410 524 τούς
425 446 520 524 ναοδς
535 449 586 514 καὶ
603 444 727 516 ε’κιίλεσε
745 445 798 514 τδν
815 443 923 526 τόπον,
949 446 1038 514 κοθδι
1062 444 1230 538 γράφομεν,

121 546 383 638 χρυσοβοίλανιον.

225 649 273 718 Ἦ
282 653 361 737 μονή
378 660 435 738 τῆς
451 649 543 738 ἆγίαςι
556 652 761 742 Εὐφροσύνης
768 701 778 733 ,
804 651 871 738 ήτις
887 655 1004 741 λέγεται
1019 653 1058 720 τὰ
1074 652 1230 737 Λιβάδια,
1246 667 1270 722 Β

126 757 252 840 ἐκτίσθη
274 757 360 844 παρὰ
383 755 519 843 Εἰρήνης
535 765 590 842 τῆς
612 757 779 842 Ἀθηναίας
793 758 890 845 μικρὰ
906 760 957 824 καὶ
976 754 1111 845 πενιχροί.
1163 756 1232 828 ὅδὲ

99 859 257 944 ὃΜιχαήλ
280 857 297 924 ὃ
320 858 388 937 vide
408 861 562 949 Θεοφίλου
579 867 635 928 τοῦ
649 863 801 945 βασιλέως
806 909 816 940 ,
843 863 885 939 εἰς
901 859 1019 950 ἔχθραν
1035 863 1137 930 {lodo
1152 864 1230 948 μετὰ

127 961 293 1050 Θεοδῶρας
316 970 374 1049 τῆς
398 962 569 1051 ὃρθοδόξου
593 971 649 1050 τῆς
671 965 789 1053 μητρὸς
811 965 906 1030 αὐτοῦ
929 969 980 1032 καί
997 973 1058 1033 τῶν
1075 967 1229 1056 ἀδελφῶν,

120 1069 323 1150 κατεβίβασεν
339 1069 435 1147 αὐτὰς
452 1069 512 1134 ἀπὸ
530 1075 586 1135 rod
602 1072 751 1136 παλατίου
768 1071 819 1134 καί
836 1066 991 1156 εἰσήγαγεν
1004 1073 1046 1148 είς
1057 1071 1112 1156 τήν
1124 1068 1230 1139 τοιού-

120 1195 177 1254 την
210 1167 326 1254 μονήν,
360 1175 412 1236 καὶ
442 1170 613 1257 μεγαλδνας
639 1176 690 1239 καὶ
716 1172 857 1258 κτήματα
880 1175 979 1240 πολλοὶ
1004 1171 1230 1261 δωρησάμενος.

119 1272 241 1358 ἐκλήθη
260 1277 294 1340 δὲ
310 1272 514 1362 Εὗφροσιίνης
530 1276 590 1342 ολιιδ
602 1285 677 1359 μιᾶς
689 1284 750 1343 τῶν
763 1279 906 1365 ἀδελφῶν
919 1279 1015 1344 αὐτοῦ
1025 1278 1230 1368 Εὖφροσιίνης

79 1391 113 1444 10
120 1377 257 1461 τοτ’ίνομα
266 1426 276 1456 ,
302 1385 404 1455 καλῶς
418 1376 576 1463 βιωσοίσης
592 1382 644 1444 καί
661 1379 846 1465 ἄσκησάσης.

226 1484 283 1558 Εἰς
305 1483 340 1547 τὸ
363 1479 523 1568 λεγόμενον
539 1480 693 1570 Δεύτερον
711 1485 742 1547 ἐν
757 1491 802 1572 τῷ
818 1485 895 1548 κίονι
908 1484 1015 1548 λ’στατο
1033 1480 1129 1568 στήλη
1149 1483 1228 1550 Ἰου-

119 1591 277 1650 στινιανοῦ
302 1592 358 1650 τοῦ
382 1583 575 1674 ῥινοτμήτου.
626 1583 739 1670 ταύτην
757 1588 791 1652 δὲ
806 1587 985 1669 κατεβίβασε
1002 1584 1131 1674 Βάρδας
1147 1589 1228 1652 Καΐ-

118 1713 182 1774 σαρ
202 1685 218 1752 ὃ
236 1695 322 1766 θεῖος
333 1691 466 1775 Μιχαὴλ
479 1697 535 1758 τοῦ
546 1690 616 1758 niori
631 1691 801 1778 Θεοφίλου,
818 1693 867 1756 καὶ
881 1691 1070 1778 συνέτριψεν.
1108 1686 1224 1776 ἐκλήθη
1242 1709 1266 1762 c

121 1792 156 1856 δὲ
174 1788 190 1856 ὅ
208 1791 301 1871 τόπος
316 1794 351 1858 τὸ
369 1793 523 1883 Δεύτερον
540 1793 619 1860 κατὰ
635 1791 749 1883 τρόπον
765 1791 892 1860 τοιόνδε.
942 1796 1094 1860 Λεοντίου
1118 1821 1229 1882 πατρι-

77 1913 112 1965 15
120 1898 187 1960 κίου
206 1896 544 1976 καταδυναστεδσαντος
560 1901 611 1962 καὶ
628 1896 850 1986 κρατήσαντος,
871 1893 1025 1983 ἐξόριστον
1041 1895 1158 1981 ἔπεμψε
1176 1897 1229 1964 τὸν

117 1999 333 2066 Ἰουστινιανδν
362 2005 405 2077 είς
434 2005 604 2088 Χερσῶνα,
637 2000 720 2078 ὅστις
749 2003 869 2084 ἐποίησε
900 2003 964 2066 ἐκεῖ
985 1998 1117 2088 χρόνους
1146 2002 1230 2068 δέκα.

122 2109 208 2188 φυγῇ
225 2104 258 2167 δὲ
274 2103 352 2186 μετὰ
369 2109 466 2168 ταῦτα
480 2102 674 2191 χρησάμενος
689 2098 786 2188 ήλθεν
803 2107 845 2182 εἷς
863 2104 1009 2190 Τίρβελιν
1026 2104 1079 2170 τὸν
1096 2103 1231 2190 ἆρχηηδν

122 2211 184 2270 τῶν
212 2203 419 2293 Βουλγιίρων,
445 2210 495 2272 καὶ
520 2206 614 2294 ήηαγε
640 2206 696 2291 τήν
719 2208 876 2295 θυγατέρα
904 2207 1000 2272 αὐτοῦ
1024 2211 1066 2284 εἰς
1090 2217 1229 2293 γυναῖκα,

124 2307 291 2395 Θεοδῶραν
317 2309 463 2394 τοῦνομα.
514 2307 605 2392 ἔλαβε
632 2313 683 2374 καί
712 2311 843 2398 στρατὸν
870 2311 948 2398 παρ’
975 2309 1087 2390 αὐτοῦ,
1113 2309 1230 2399 ι’ίνδρας

75 2427 113 2480 20
121 2411 306 2496 πολεμιστὰς
316 2411 461 2496 χιλιάδας
478 2411 522 2493 ιε’,
547 2416 599 2478 καλ
615 2411 795 2499 ἐστράτευσε
811 2413 890 2479 κατὰ
906 2419 961 2498 τῆς
977 2411 1094 2490 πόλεως
1099 2461 1109 2491 ,
1134 2417 1229 2498 ζητῶν

119 2515 177 2600 τήν
195 2518 306 2582 οἰκείαν
324 2515 430 2603 ἀρχήν.
480 2518 525 2601 μή
544 2519 664 2600 δεχθεὶς
681 2517 715 2581 δὲ
732 2516 817 2605 ααρολ
834 2523 896 2582 τῶν
912 2522 1044 2582 πολιτῶν
1056 2514 1227 2604 ὑπέστρεψε

119 2620 196 2707 πρὸς
211 2621 267 2703 τήν
284 2621 419 2687 παλαιὰν
436 2621 624 2704 καλουμένην
641 2616 774 2708 πόρταν,
791 2623 842 2686 καλ
860 2623 985 2704 εἰσῆλθε
1004 2619 1056 2686 διολ
1072 2627 1128 2686 τοῦ
1145 2620 1228 2707 ἄρα·

188 2797 251 2882 3p3
270 2796 304 2848 52
321 2797 403 2854 Band.
468 2796 710 2886 1λιβοιδίοιηνειλ.
763 2863 771 2884 ἱ
811 2799 844 2884 ΙΙΙ
862 2819 888 2870 p·
906 2797 942 2852 38
957 2797 1042 2883 Bpnd.
1137 2793 1179 2860 είς
1195 2793 1228 2852 sd

189 2868 351 2934 λεηομενον]
380 2862 420 2926 εἰς
444 2883 497 2932 την
521 2868 606 2936 αγίοιν
630 2871 723 2921 Αυναν
739 2887 772 2922 το
789 2867 919 2934 δευτερον
935 2869 1020 2935 στηλη
1037 2865 1133 2919 iocoso
1157 2867 1227 2936 Καρ.

191 2935 227 2988 14
244 2931 355 2996 λέοντος
371 2934 441 3004 Reg.
458 2935 520 2988 Vnt.
610 2939 645 2992 22
662 2934 787 3006 rodonem]
804 2935 910 3004 πέτραν
928 2941 956 2988 et
971 2932 1083 3004 τιοίτραν
1100 2937 1227 2992 nonnulli.

117 3106 152 3142 eo
173 3087 303 3140 accedens
321 3102 467 3142 crumenam
485 3089 604 3157 invenit,
630 3096 658 3143 et
675 3093 851 3144 consummata
867 3089 1022 3160 templorum
1037 3093 1171 3145 structura
1186 3091 1227 3146 lo-

117 3175 197 3226 cum,
213 3165 245 3210 nt
262 3165 341 3210 antea
358 3157 483 3228 diximus,
501 3159 648 3214 nominavit
664 3158 915 3228 Chrysobalendnm.

225 3227 414 3280 Monasterinm
440 3227 471 3280 S.
494 3227 689 3298 Euphrosynen
712 3229 920 3299 cognominatum
936 3227 1048 3280 Libadia
1065 3227 1175 3295 primum
1192 3228 1228 3282 ab

117 3300 197 3352 Irene
219 3297 376 3350 Atheniensi
400 3297 521 3366 exignum
543 3297 623 3351 valde
645 3309 674 3352 et
696 3300 880 3370 paupertinum
898 3297 1108 3352 communiuit:
1133 3302 1228 3368 postas

119 3377 225 3433 autem,
249 3367 294 3418 ubi
317 3366 431 3420 Michaal
453 3367 596 3438 Theophili
618 3368 689 3422 filius
711 3387 768 3422 oum
786 3368 930 3422 Theodora
946 3373 1030 3422 matre
1048 3371 1075 3418 et
1092 3367 1228 3422 sororibus

121 3438 178 3490 anis
202 3435 363 3489 simultatem
386 3435 483 3490 habere
508 3438 613 3506 coepit,
637 3456 652 3490 a
674 3439 775 3508 palatio
793 3439 852 3491 illas
868 3438 897 3490 in
914 3438 965 3490 hoo
982 3436 1165 3490 monasterium
1182 3436 1229 3490 de·

119 3507 217 3573 trusit,
242 3505 313 3574 quod
337 3506 486 3574 ampliatum
503 3507 591 3560 multis
608 3509 818 3577 possessionibus
835 3507 940 3560 ditavit.
976 3513 1107 3558 caeterum
1124 3507 1158 3559 ab
1176 3522 1229 3560 nnn

118 3576 315 3644 Euphrosyne,
339 3592 407 3645 quaa
424 3577 492 3630 bene
509 3586 539 3630 et
554 3576 678 3647 religiose
693 3578 818 3643 vivebat,
836 3577 877 3630 ita
894 3575 1102 3646 cognominatum
1119 3581 1161 3629 est
1177 3575 1229 3629 hoe

118 3644 312 3698 monasterium.

224 3713 254 3766 In
278 3714 336 3766 loeo
358 3719 507 3784 nuncupato
525 3715 643 3768 Dentero
661 3714 719 3768 siva
737 3715 851 3768 secundo
868 3715 958 3768 stabat
972 3713 1110 3768 Iustiniani
1126 3713 1229 3767 Rhino-

121 3783 195 3837 tmeti
218 3787 323 3850 statua,
348 3800 425 3853 quam
445 3791 539 3854 postea
555 3785 655 3838 Bardns
673 3785 776 3838 Caesar
792 3792 902 3855 patruus
918 3784 1054 3838 Michaelis
1072 3784 1120 3837 filii
1137 3785 1228 3837 Theo-

118 3852 186 3924 phili
210 3852 338 3905 daieotam
363 3853 505 3924 confregit.
540 3856 686 3924 appellatus
704 3861 792 3907 autem
809 3861 850 3906 est
868 3855 940 3906 locus
956 3855 1093 3908 lleuteron
1111 3853 1144 3906 ob
1161 3852 1228 3904 hano

119 3940 234 3976 oausam.
268 3922 429 3976 Iustinianns
459 3923 647 3978 Rhinotmotus
677 3941 694 3976 a
722 3922 837 3976 Leontio
864 3923 975 3993 patricio
998 3939 1084 3978 rernm
1107 3921 1229 3991 potiente

119 3991 195 4044 exsul
219 3991 246 4043 in
271 3992 432 4046 Chersonem
455 3993 588 4063 relegatus
612 3993 679 4060 luit,
710 3993 757 4046 ubi
780 4009 837 4046 oum
860 3994 949 4049 decem
974 3995 1114 4046 mansisset
1136 4005 1227 4057 annos,

140 4061 242 4130 roingit
266 4062 369 4118 tandem
393 4062 427 4115 ad
451 4063 585 4118 Terbelim
610 4063 783 4132 Bulgarornm
806 4063 969 4134 principem,
995 4063 1040 4131 qni
1056 4060 1136 4112 filiam
1154 4073 1228 4112 snam
1263 4080 1266 4084 ·

149 4130 290 4182 heodoram
313 4131 365 4202 ipsi
389 4131 417 4184 in
440 4149 546 4186 uxorem
563 4133 637 4186 dedit
654 4142 683 4189 et
699 4133 807 4255 insuper
823 4133 967 4188 exercitum
985 4134 1018 4184 15
1035 4128 1141 4181 militnm
1158 4127 1228 4190 milia

120 4198 344 4254 subministravit.
379 4201 447 4254 huno
463 4203 509 4255 ille
527 4210 621 4256 contra
638 4201 740 4274 Cpolim
775 4202 833 4258 uxit
851 4204 885 4256 ad
904 4197 1074 4271 repetendum
1093 4195 1229 4266 imperium

119 4284 206 4322 sunm.
241 4284 297 4322 cnm
316 4287 380 4324 vero
397 4271 546 4362 aives'eum
561 4273 681 4346 recipere
698 4272 812 4343 nollent,
837 4273 957 4328 simulata
973 4269 1051 4396 ίῠφᾶι
1078 4266 1149 4334 “pud
1164 4283 1229 4336 por·

163 4345 265 4418 (ἔτους.
288 4346 353 4400 Cod.
375 4350 408 4402 de
432 4349 507 4421 (lug.
531 4351 579 4421 Cp.
