2808 4616
163 197 237 268 190
504 189 682 258 INGERTI
706 189 920 257 nuuToRls

158 375 343 470 τῆςστήλης
359 379 576 464 έλαυνομίνης·
603 380 655 444 καὶ
671 374 806 465 τοσαύτῃ
823 380 944 467 σπουδῇ
960 377 1113 468 έχρήσατο
1130 385 1201 469 περὶ
1218 391 1275 469 τῆς

158 485 337 572 ἀναβάσεως
352 492 408 570 τῆς
425 481 538 569 στήλης
555 479 632 552 ὥστε
638 531 649 563 ,
675 482 783 559 καθὼς
799 484 828 548 οἱ
845 480 913 550 τότε
930 482 1132 570 ἐξηγήσαντο,
1158 485 1204 553 έτι
1222 493 1275 554 καὶ

157 595 202 660 έτι
225 594 317 658 πλείω
345 588 459 678 φόνους
485 588 578 655 αὐτὸν
602 589 806 672 πεποιηκέναι.
858 586 938 654 illd
955 591 1007 654 καί
1019 588 1169 678 χρήματα
1185 591 1274 677 πάμ-

158 704 257 764 πολλα
273 704 338 773 τοῖς
354 691 551 760 δουλεύουσιν
567 693 730 778 ἐχαρίσατο
748 689 825 779 πρὸς
840 691 876 758 τὸ
894 699 1034 776 ταχῦναι.
1064 697 1117 760 καὶ
1133 697 1212 778 μετὰ
1232 696 1273 781 ιη’

119 818 144 872 Ι)
160 799 277 889 ἡμέρας
292 805 348 866 τοῦ
365 805 520 883 σταθῆναι
535 798 592 882 τήν
609 795 706 877 αὐτὴν
722 795 837 880 στήλην
849 797 1023 883 κατηνέχθη
1036 805 1091 882 τῆς
1102 803 1298 882 βασιλείας,5

158 905 246 973 ούδέν
263 902 386 987 ἄμεινον
404 895 446 969 ὧν
463 901 591 990 έπραξιν
608 897 848 986 ἀπενεγκάμενος
863 899 883 986 ἢ
900 900 954 968 τὸν
971 901 1080 989 πικρὸν
1096 899 1244 970 θάνατον.

227 1083 233 1090 ,
256 1009 309 1074 Ἐν
331 1017 395 1086 τοῖς
417 1007 633 1094 Μαρτιυακίου
657 1004 753 1090 στήλη
775 1009 901 1086 ἵστατο,
927 1007 959 1071 έν
981 997 1003 1092 ᾗ
1026 1010 1079 1071 καὶ
1096 1006 1273 1094 παράδοξον

156 1114 265 1197 θέαμα
290 1113 403 1200 γέγονε.
454 1115 582 1196 σεισμοῦ
607 1109 668 1196 γὰρ
693 1110 872 1194 γενομένου,
898 1113 950 1174 καί
974 1111 1088 1187 παντὸς
1104 1119 1159 1176 τοῦ
1176 1111 1273 1178 τύπου

157 1219 271 1286 έκείνου
289 1217 350 1282 ἀπὸ
368 1217 514 1298 θεμελίου
532 1216 725 1302 φθαρέντος,
750 1216 802 1278 καλ
818 1220 874 1298 τῆς
891 1210 1003 1298 στήλης
1018 1211 1172 1299 πεσούσης
1188 1213 1272 1282 κάτω

157 1327 214 1388 τού
230 1322 345 1399 κίονος,
364 1324 518 1402 σταθῆναι
537 1318 632 1402 αὐτήν
649 1313 748 1404 ὀρθήν
754 1365 764 1397 ,
783 1314 825 1395 ὡς
843 1317 871 1383 οἱ
888 1317 947 1406 πρὸ
965 1315 1052 1401 ήμῶν
1067 1317 1314 1405 έξηγήσαντο·10

158 1425 399 1507 δοκιμασθείσης
422 1424 481 1511 γὰρ
499 1427 554 1506 τῆς
571 1420 685 1506 στήλης
703 1426 744 1498 είς
760 1420 795 1487 τὸ
814 1420 942 1509 σἰρχαΐον
959 1421 1146 1506 ἀνατεθῆναι
1152 1472 1163 1503 ,
1190 1423 1272 1508 έμει-

117 1536 208 1595 Ενεν
237 1525 338 1612 ἄχθος
362 1525 537 1615 βαρύτατον
564 1525 686 1609 έχουσα.
736 1532 827 1592 τοῦτο
856 1527 890 1591 δέ
917 1523 1018 1612 ἔλεγον
1043 1527 1188 1612 γενέσθαι
1216 1528 1273 1606 tar
1379 1549 1380 1592 l

157 1628 303 1698 πλειόνων
320 1637 444 1718 καιρῶν.
495 1630 551 1714 τήν
569 1631 603 1696 δέ
620 1629 733 1714 στήλην
750 1627 927 1716 εὑρίσκομεν
943 1628 1019 1696 εἶναι
1035 1635 1274 1697 Βαλεντινιανσῠ

157 1742 215 1804 τοῦ
238 1736 405 1825 νεωτέρου,
432 1732 475 1812 ὥς
497 1760 566 1798 τινα
591 1731 765 1820 φιλόσοφον
787 1731 1045 1822 διασαφήσασθαι
1060 1733 1125 1799 τότε
1142 1737 1195 1800 διὰ
1213 1736 1271 1801 τὸν
1379 1739 1380 1748 ’

158 1838 265 1905 ἄδικον
290 1837 429 1906 θάνατον
455 1842 690 1904 Βαλεντινιανοῦ
718 1845 773 1902 τοῦ
799 1840 946 1924 νεωτέρου
974 1844 1180 1923 σημειωθήναι
1206 1839 1314 1924 ripole

159 1941 288 2028 στήλην·
315 1944 372 2022 ἕως
395 1943 455 2031 γὰρ
471 1940 539 2008 τότε
557 1944 678 2009 δικαίαν
694 1947 804 2029 ψῆφον
823 1943 974 2027 ἀπένεμον
988 1942 1043 2010 τὸν
1059 1939 1193 2008 θάνατον
1211 1951 1270 2009 τοῦ

154 2047 280 2114 Ἀετίου.

120 2162 145 2216 ll
260 2149 314 2212 Ἐκ
347 2151 403 2232 τής
435 2147 596 2232 λεγομένης
628 2148 836 2230 Νικομηδείας
864 2153 973 2230 στῆλαι
1004 2154 1142 2215 πλεῖσται
1171 2151 1203 2212 έν
1233 2155 1274 2234 τῇ

159 2246 480 2320 Κωνσταντινουπύλει
521 2249 641 2333 ήκασιν.
703 2248 778 2314 ὅθεν
817 2255 869 2316 καί
903 2251 1128 2338 Δισκλητιανοῦ
1161 2253 1193 2317 έν
1226 2259 1272 2340 τῷ

155 2353 359 2443 Ἱπποδρσμίῳ
393 2349 521 2432 σώζεται
553 2353 610 2429 tog
642 2358 697 2435 τῆς
732 2354 839 2442 δεῦρο,
872 2357 1037 2444 ἓπίκουφος
1063 2348 1159 2436 οὖσα,
1193 2354 1311 2444 ἀνα-20

159 2461 253 2543 μέσον
279 2463 336 2524 τού
361 2459 523 2540 λεγομένου
551 2457 754 2540 καθίσματος.

54 2575 145 2630 Ρ105
265 2565 468 2642 Μαξιμιανοῦ
496 2557 591 2644 στήλη
622 2561 654 2625 ἔν
681 2569 746 2637 τοῖς
768 2565 823 2643 τῆς
845 2564 975 2645 Χαλκής
997 2563 1118 2650 μέρεσιν
1138 2557 1271 2648 ὖπολρχει

160 2662 322 2754 βαρυτάτη
347 2661 437 2729 πάνυ.
487 2662 566 2728 ένθα
591 2666 642 2728 καὶ
664 2663 700 2730 τὸ
723 2663 807 2749 γένος
823 2661 905 2732 ἅπαν
923 2665 1093 2735 Θεοδοσίου
1109 2673 1165 2731 τοῦ
1182 2662 1272 2731 Σπά-

161 2797 216 2837 νου
233 2773 408 2858 καθορᾶται
425 2769 457 2833 έν
474 2765 599 2852 στήλαις
616 2768 673 2845 ἓίσς
688 2774 744 2852 τῆς
760 2764 904 2857 σήμερον.

160 2968 379 3039 promoveretur,
404 2963 433 3016 in
458 2963 528 3034 quod
544 2967 619 3017 tanto
636 2981 699 3018 usus
716 2963 803 3018 studio
821 2967 863 3016 est
880 2969 924 3032 ut,
950 2963 1022 3018 sicut
1040 2965 1205 3018 affirmmnnt
1223 2966 1270 3033 qui

163 3045 217 3090 tum
244 3039 398 3103 praesentes
422 3037 512 3100 erant,
537 3031 625 3103 plures
648 3035 713 3087 alias
734 3035 794 3087 ideo
812 3033 907 3086 caedes
922 3035 1097 3106 perpetraritr
1124 3035 1270 3088 sedetiam

162 3103 255 3158 multas
279 3103 373 3155 effudit
396 3105 482 3158 servia
506 3104 628 3174 pecunias
650 3108 681 3156 ut
704 3119 769 3174 opus
788 3111 941 3158 maturaret.
974 3112 1036 3173 post
1053 3103 1178 3157 decimum
1194 3111 1271 3156 octa-

162 3191 224 3228 vum
247 3190 311 3224 vero
335 3173 404 3226 diem
425 3175 458 3225 ab
477 3180 565 3226 erecta
583 3177 671 3226 statua
688 3173 799 3244 imperio
816 3173 875 3244 ipse
893 3174 1011 3227 deiectus
1030 3182 1086 3238 est3
1114 3175 1218 3243 quicum
1236 3189 1270 3225 ea

162 3243 306 3297 acerbitate
324 3249 424 3310 actum,
451 3260 502 3311 qua
519 3242 576 3311 ipse
594 3260 657 3294 usus
674 3245 776 3296 fuerat:
802 3261 861 3295 nam
878 3243 939 3296 dira
955 3251 1040 3296 morte
1058 3243 1148 3312 periit.

264 3313 296 3364 In
316 3315 407 3364 tractu
429 3311 578 3366 Martinacii
594 3313 746 3382 erigebatur
763 3319 852 3368 statua
867 3313 895 3365 in
913 3330 966 3382 qua
982 3314 1140 3381 stupendum
1156 3312 1271 3382 contigit

161 3383 347 3450 spectaculum.
382 3399 441 3434 nam
463 3387 552 3434 terrae
574 3389 645 3434 motu
663 3384 750 3450 iacto,
774 3391 882 3450 totoque
899 3383 956 3436 loco
974 3401 990 3435 a
1006 3383 1184 3436 fundamentis
1201 3399 1271 3452 pene

162 3467 271 3518 everso,
297 3457 417 3503 statuae
435 3452 554 3503 columna
570 3452 677 3522 delapsa
693 3459 768 3505 recta
786 3453 875 3520 stetit,
902 3459 932 3504 ut
953 3452 1064 3506 maiores
1082 3453 1167 3504 nottri
1183 3457 1271 3504 rettu-

161 3521 262 3574 lerunt:
289 3537 347 3577 nam
367 3521 413 3572 ubi
430 3527 560 3574 tentatum
576 3527 617 3574 est
633 3527 745 3575 statuam
762 3523 901 3592 pristinum
917 3522 945 3574 in
962 3523 1046 3574 locum
1063 3538 1208 3593 reponere,
1236 3539 1272 3573 ex

161 3587 319 3659 gravissimo
344 3590 460 3660 pondere
481 3590 526 3643 illa
547 3592 653 3644 immota
675 3592 779 3644 mansit.
814 3593 919 3644 aiebant
942 3593 1023 3645 multo
1044 3596 1164 3662 tempore
1180 3592 1220 3644 ita
1240 3608 1270 3643 se

161 3677 217 3712 rem
239 3657 371 3712 habuisse.
407 3666 518 3714 statuam
536 3677 599 3713 vero
618 3662 797 3714 Valentiniani
813 3660 923 3713 iunioris
940 3677 999 3714 esse
1017 3663 1203 3730 comperimus;
1229 3659 1271 3713 ita

162 3737 194 3782 ut
218 3729 321 3798 quidam
344 3728 512 3801 philosophus
534 3736 598 3784 tuno
618 3732 785 3784 renuntiaret
800 3733 833 3784 ob
849 3730 964 3799 iniquam
981 3729 1160 3784 Valentiniani
1177 3747 1270 3783 necem

162 3799 303 3852 conflatam
326 3805 440 3852 statuam
463 3800 555 3855 luisse.
596 3816 712 3870 eousque
736 3801 805 3854 enim
830 3802 863 3854 ob
886 3801 1053 3854 interfectum
1077 3800 1183 3854 Aetium
1207 3799 1270 3851 iare

162 3870 290 3924 sublatum
308 3868 391 3920 luisse
408 3870 545 3937 putabant.

265 3936 420 3990 Nicomedia
436 3943 540 3991 statuae
557 3939 622 3990 bene
639 3941 734 3993 multae
751 3939 852 4010 cpolim
868 3937 996 3992 advectae
1014 3943 1085 3992 sunt.
1121 3935 1271 4008 exquibus

161 4005 320 4127 ff⁰⁰¹⁶ffi³⁰i
345 4011 433 4058 statua
454 4007 521 4058 levis
539 4007 664 4061 hactenus
682 4011 710 4062 in
726 4010 811 4062 medio
828 4010 994 4080 imperatoria
1010 4008 1101 4062 throni
1117 4009 1146 4060 in
1163 4008 1271 4078 Hippo-

195 4093 250 4132 omo
267 4084 396 4131 servatur.

193 4208 200 4222 .
264 4143 417 4200 Maximiani
432 4147 520 4196 statua
536 4144 564 4194 in
582 4146 692 4198 Chalces
706 4146 824 4217 partibus
836 4147 913 4216 longe
925 4146 1081 4215 gravisdma
1091 4143 1205 4209 visitu13
1222 4145 1271 4199 ubi

164 4213 244 4266 etlam
258 4221 317 4270 tota
332 4213 478 4270 Theodosii
495 4212 607 4283 Hispani
625 4216 722 4270 familia
739 4216 835 4269 statuis
853 4217 979 4270 hacteuus
996 4220 1224 4286 repraesentatur.
