2802 4636
508 265 567 332 DE
594 263 732 336 SIGNIS
760 263 820 334 GP.
1163 266 1215 338 49

105 449 225 531 πόλος,
251 448 333 535 καλή
347 447 455 535 λεκάνη
469 458 525 518 τοῦ
539 449 755 541 Τρικακκοίβου
762 501 774 534 ,
798 447 822 536 ἢ
833 455 957 518 τεθεῖσα
969 453 1012 529 είς
1023 452 1063 518 τὰ
1078 449 1215 542 Τζιίρου·

107 561 157 634 εἷς
179 564 317 638 μαντεῖον
339 555 398 642 γὰρ
416 547 453 638 ήν
471 552 487 621 ὅ
505 554 607 634 τόπος.
658 558 787 642 πλησίον
804 556 837 620 δὲ
854 555 946 621 ἐκεῖσε
964 557 1014 623 καὶ
1031 552 1051 640 ή
1069 553 1144 642 τείχη
1161 567 1217 644 τῆς

105 657 236 736 πόλεως.
287 655 303 724 ὁ
329 661 363 724 δὲ
385 657 514 747 Βοίρόας
538 657 554 724 ὃ
582 663 706 748 Καῖσαρ
713 708 724 740 ,
748 657 765 726 ὅ
788 664 875 736 θεῖος
898 659 1031 743 Μιχαὴλ
1049 665 1105 726 τοῦ
1120 668 1214 744 βασι-

103 763 199 842 λείας,
227 762 377 846 μετέθηκε
407 765 457 828 καλ
489 764 655 850 παρέλυσεν
683 763 762 830 αὐτοὶ
789 765 840 828 καλ
865 763 1038 850 συνέτριψε.
1089 769 1157 852 περὶ
1180 768 1214 833 δὲ

74 872 164 932 broni
185 869 354 950 μονολίθοο
379 863 394 930 ὃ
415 867 556 953 χρονικὸς
580 871 672 953 δηλοῖ
689 867 744 949 τήν
768 866 862 952 αὐτήν
879 866 1025 955 ἱστορίαν.
1075 863 1143 934 ὅδὲ
1158 879 1254 954 prr-0

102 968 180 1057 κρὸς
198 967 387 1055 Στρατήηιος
401 967 530 1056 ὖνιιίρχει
548 969 643 1055 στήλη
660 977 716 1038 τοῦ
731 970 971 1053 Λεωμακίλλου.

205 1069 244 1138 ‘0
270 1074 361 1157 λιμήν
387 1080 447 1140 τῶν
471 1077 596 1160 Σοφιῶν
621 1077 749 1160 ἐκτίσθη
774 1074 858 1162 παρὰ
882 1073 1044 1142 Ἰουστίνου
1071 1078 1127 1142 τοῦ
1153 1074 1213 1142 ἀπὸ

101 1174 364 1262 κουρονιαλοίταιν,
389 1183 445 1242 τοῦ
470 1178 582 1264 ἀνδρὸς
605 1181 723 1266 Σοφίας
745 1185 801 1262 τῆς
823 1183 935 1260 λοιβῆς.
984 1177 1078 1260 μίσον
1101 1179 1135 1244 δὲ
1158 1186 1213 1245 rori

99 1281 227 1362 λιμένος
239 1281 381 1346 ίστανται
399 1281 542 1368 τέσσαρες
560 1287 668 1366 στῆλαι
674 1331 685 1362 ,
706 1284 826 1370 §optor
842 1283 893 1346 nul
906 1281 1085 1360 Ἰουστίνου,
1108 1281 1214 1370 Ἀρα-
1320 1355 1325 1360 ,

55 1386 91 1439 10
99 1385 180 1466 βίας
205 1385 255 1448 καὶ
280 1386 456 1470 Βιγλεντίας
472 1392 526 1468 τῆς·
542 1385 659 1472 μητρὸς
675 1385 781 1452 αὐτοῦ.
831 1388 882 1450 καλ
900 1385 933 1449 αἶ
948 1385 1003 1468 μὲν
1021 1381 1076 1452 δίο
1094 1384 1213 1474 riopol-

100 1493 211 1570 θησαν
242 1489 326 1577 νιαρολ
359 1492 553 1554 Φιλιππικοῦ.
606 1486 684 1572 εἶχον
714 1490 748 1554 ll
778 1491 829 1554 καλ
863 1486 1031 1577 γράμματα
1054 1496 1114 1556 cuir
1139 1495 1214 1573 μελ-

98 1589 230 1658 λόντοιν.

203 1691 241 1759 Ὁ
268 1695 301 1759 δὲ
326 1693 418 1780 λιμήν
443 1701 499 1766 τοῦ
520 1693 716 1784 Ἐλευθερίου
740 1695 867 1781 ἐκτίσθη
891 1694 976 1783 νιαρολ
1000 1701 1055 1762 τοῦ
1076 1693 1212 1782 μεγάλου

100 1799 349 1864 Κωνοταντίνου.
399 1801 506 1864 ἵστατο
536 1801 643 1865 δὲκαὶ
670 1795 766 1883 στήλη
790 1801 893 1883 λιθίνη
916 1799 1110 1886 Ἐλευθερίου
1135 1800 1213 1884 ἀση-

55 1907 91 1960 15
101 1899 220 1987 κρήτου
227 1949 238 1982 ,
265 1903 403 1988 φέρουσα
427 1903 475 1966 ἐπ’
503 1900 595 1984 ὤμων
618 1899 803 1968 σκανιοιίλιον
826 1905 877 1966 καλ
901 1900 996 1970 πτοίαν
1020 1903 1051 1966 ἓν
1070 1909 1109 1988 τῇ
1121 1905 1214 1990 χειρί,

99 2002 267 2091 ἀμφότερα
292 2007 408 2068 λίθινα.
460 2006 635 2086 κτισθείσης
652 2007 686 2070 (λε’
703 2010 758 2088 τῆς
775 2002 888 2089 στήλης
903 2012 957 2071 τοῦ
977 2004 1143 2071 Θεοδοσίου
1161 2007 1209 2072 ἐπὶ
1224 2015 1249 2070 1)

99 2115 160 2172 τοῦ
186 2109 285 2183 κίονος
309 2113 366 2172 τοῦ
390 2103 517 2194 Ταύρου
525 2154 536 2186 ,
562 2104 579 2172 ὃ
595 2114 672 2190 χοῦς
690 2103 809 2190 ἒχήνετο
827 2112 870 2186 εἰς
889 2107 942 2174 τὸν
958 2109 1064 2191 λιμένα
1080 2112 1131 2174 καὶ
1148 2111 1213 2196 ἔγε-

98 2209 218 2294 μίσθη.

210 2310 258 2376 Tt
293 2310 328 2374 ιλέ
361 2311 504 2399 σταυρίον
534 2311 568 2377 τὸ
599 2311 759 2398 ἶιλρυμίνον
789 2313 837 2378 ε’νιλ
867 2315 965 2390 κίονος
994 2316 1122 2398 πλησίον
1150 2321 1212 2383 τῶν

54 2413 358 2502 λθἈρτοπωλείων,
393 2415 425 2478 ἐν
455 2420 494 2502 τῇ
527 2415 606 2501 αὐλῇ
629 2421 667 2502 τῇ
692 2411 909 2504 λιθοστρώτῳ,
942 2417 1097 2506 ἅνηγίρθη
1126 2419 1211 2506 τιαριλ

98 2525 158 2584 τοῦ
187 2514 321 2604 μεγάλου
353 2517 603 2596 Κωνσταντίνου,
630 2519 679 2584 ὅτε
706 2521 833 2604 ἐκτίσθη
858 2517 878 2603 ή
902 2518 998 2598 πόλις.
1050 2525 1092 2599 εἰς
1117 2525 1151 2588 ll
1175 2525 1211 2588 τὸ

98 2621 232 2687 παλαιὸν
256 2620 364 2708 ἔφερον
389 2623 482 2688 ἐκεῖσε
506 2621 578 2699 τούς
592 2626 705 2700 λ’νιτιους
724 2620 874 2712 ἕκατίριυν
889 2631 950 2690 τῶν
965 2632 1068 2713 μερῶν
1084 2621 1209 2710 ήνίοχοι,

172 2795 397 2868 1τετρακκιίβου
414 2800 478 2854 Vct.
590 2803 656 2872 ὁρ.
673 2799 709 2857 λλ
725 2800 810 2854 Band.
915 2795 1003 2856 lilim
1019 2799 1124 2872 μακὲλη
1142 2805 1209 2860 Bar.

172 2871 253 2940 131).
270 2871 305 2926 46
324 2869 405 2922 Band.
523 2869 558 2926 14
575 2866 814 2939 πρωτασηκρήτου
832 2870 864 2927 0.
977 2869 1011 2924 19
1028 2890 1056 2941 p.
1074 2873 1108 2928 16
1125 2874 1209 2928 band.

100 3028 131 3078 et
156 3025 259 3076 catinus
283 3020 458 3091 Tricuccahi,
484 3023 529 3091 qui
552 3022 654 3093 positus
679 3030 722 3077 est
744 3023 772 3075 in
797 3021 854 3076 loco
879 3028 1029 3094 nuncupato
1047 3024 1139 3082 Tritia
1167 3026 1210 3080 his

100 3093 171 3146 enirn
188 3111 236 3164 pro
254 3093 358 3144 oraculo
378 3100 445 3146 erat.
481 3093 565 3144 eidem
580 3092 639 3146 loco
656 3095 806 3162 propinque
823 3100 881 3146 erat
896 3097 1004 3148 fortuna
1021 3095 1107 3164 urbis,
1131 3113 1210 3166 quern

99 3163 203 3216 Bardas
229 3161 345 3230 Caesar,
369 3169 480 3230 patruus
502 3162 670 3232 imperatoris
693 3162 844 3230 Michaelis,
867 3163 895 3214 in
918 3163 997 3217 elium
1019 3164 1102 3218 locum
1123 3173 1211 3220 trane-

100 3232 206 3302 poeuit3
233 3231 334 3300 reliqua
359 3248 424 3285 vero
448 3232 588 3300 confregit.
625 3232 657 3286 de
674 3233 816 3285 monolitho
834 3232 976 3286 chronicon
993 3242 1085 3287 auctor
1101 3235 1211 3289 eandem

98 3304 196 3425 {pieretss
199 3370 206 3384 ·
218 3301 362 3354 historiam.
404 3305 536 3354 caeterum
561 3301 723 3372 Strategium
746 3319 856 3372 parvum
879 3302 977 3356 dicitur
999 3309 1090 3358 statue
1110 3305 1210 3360 Leonis

131 3389 162 3426 ac
198 3389 217 3422 1.

207 3441 305 3492 Portus
328 3439 478 3508 Sophianus
503 3443 667 3492 constructus
690 3445 733 3492 est
756 3457 778 3502 a
795 3439 899 3494 Iustino
921 3442 1089 3511 curopalate,
1115 3444 1209 3498 marito

102 3509 219 3581 Sophiae
245 3519 417 3578 cognomento
443 3509 541 3562 Lobes.
577 3509 605 3560 in
631 3509 713 3562 medio
736 3509 814 3562 huius
836 3516 929 3580 portus
949 3510 1069 3564 visuntur
1086 3521 1211 3582 quattuor

103 3587 225 3645 statuae,
250 3577 367 3648 Sophiae
389 3596 481 3648 nempe
499 3585 527 3631 et
543 3577 655 3645 lustini,
680 3578 794 3644 Arabiae
813 3587 840 3632 et
858 3579 1016 3648 vigilantiae
1033 3583 1122 3637 matris
1140 3584 1208 3637 eius.

103 3666 194 3702 earum
218 3649 286 3702 duae
310 3649 413 3700 ablatae
435 3653 498 3701 eunt
514 3666 531 3702 a
547 3647 710 3718 Philippico:
737 3649 909 3702 continebant
925 3657 1012 3704 autem
1028 3657 1105 3705 notas
1122 3669 1209 3708 rerum

100 3720 314 3840 futuarppptum
338 3785 487 3839 Eleutherii
510 3785 643 3840 exstruxit
666 3785 855 3840 Constantinus
872 3804 913 3840 ma
932 3803 997 3840 οῦδὲ
1023 3787 1052 3841 ἱῐὶ
1069 3807 1101 3842 ⁰⁰
1119 3792 1210 3844 aab*

101 3857 206 3928 lapidea
223 3863 313 3910 statua
329 3854 477 3908 Eleutherii
494 3871 511 3908 a
529 3855 655 3922 secretis,
671 3856 810 3925 scapulare
827 3873 906 3926 super
942 3875 1043 3911 umeros
1057 3865 1085 3912 et
1098 3859 1209 3928 ligonem

101 3945 178 3982 manu
196 3931 318 3996 gestans,
342 3932 481 3994 utrumque
498 3925 638 3994 lapideum.
673 3943 731 3979 cum
748 3931 833 3978 autem
851 3926 999 3996 erigeretur
1014 3933 1103 3980 statua
1120 3929 1210 3980 Theo·

102 3997 171 4050 dosii
196 4011 276 4065 supra
300 3995 443 4048 columnam
466 3994 493 4047 iu
516 3995 621 4062 Tauro,
648 4001 722 4048 terra
746 3995 830 4050 fossili
850 3995 879 4048 in
901 3998 969 4050 hunc
984 4005 1090 4067 portum
1106 3997 1209 4064 ingesta

101 4071 172 4120 totus
190 4065 312 4136 oppletus
330 4069 381 4117 est.

205 4135 318 4187 Crucem
350 4133 502 4186 collocatam
533 4149 611 4202 supra
641 4136 785 4188 columnam
806 4151 892 4204 prope
913 4132 1063 4202 Artopolia,
1096 4129 1124 4181 in
1149 4130 1209 4186 aule

102 4203 234 4274 lapidibus
249 4208 349 4270 strata,
375 4203 462 4256 erexit
480 4203 668 4256 Constantinus
684 4221 810 4272 magnus,
835 4221 887 4274 quo
904 4211 1021 4272 tempore
1038 4199 1127 4250 urbem
1145 4217 1209 4252 con·

103 4272 180 4328 didit.
216 4271 360 4342 antiquitus
381 4281 469 4326 cutem
488 4272 625 4344 utriusque
643 4273 766 4328 factionis
784 4273 893 4342 aurigae
910 4286 992 4341 equos
1009 4267 1044 4320 ibi
1061 4266 1211 4334 agitabunt,

146 4350 250 4421 (ἔτους.
273 4350 337 4404 (lod.
359 4351 392 4404 de
415 4349 491 4422 Orig.
515 4351 562 4420 cp.
979 4335 1001 4397 4
