2808 4616
462 257 522 324 DE
546 255 775 324 molinons
801 256 863 324 ΟΡ.
1146 258 1220 330 111

211 445 259 527 Ἡ
273 446 308 513 δὲ
323 446 551 533 ἂχειροποίητος
567 447 618 512 καὶ
636 442 652 512 δ
670 443 757 530 δόμος
776 441 919 528 Ἰωάννης
937 439 954 509 ὃ
971 441 1119 533 θεολόγος
1134 448 1260 538 παρδῦ

111 560 167 621 τοῦ
184 553 216 618 ἓν
234 549 329 637 δηίοις
344 549 576 616 Κωνσταντίνου
594 550 731 632 ίκτίσθη.

211 652 249 722 Ὁ
272 656 305 720 δὲ
328 649 536 741 πρόδρομοςδ
556 649 831 741 στρογγυλόστενος
853 649 980 735 ἐκτίσθη
997 650 1082 738 παρά
1103 651 1223 722 Θεοδο·Ι

113 761 182 828 σίου
199 765 252 824 τοῦ
268 757 421 844 μεγάλου,
443 757 489 823 ότι
507 758 554 821 dni
573 755 696 840 ἡμερῶν
713 757 808 822 αὐτοῦ
826 751 912 838 ἤχθη
929 751 949 838 ἦ
968 758 1053 838 τιμία
1070 753 1151 843 κάρα
1167 765 1223 823 τοῦ

86 861 289 950 όπροδρόμου
308 865 350 940 εἷς
367 861 422 946 τὴν
437 861 542 940 πόλιν,
561 859 600 944 ἣν
616 863 667 925 καὶ
685 861 808 940 ἐδέξατο
826 857 887 924 άπδ
906 865 961 924 τοῦ
974 855 1128 942 Ἑβδόμοο
1144 860 1223 944 μετὰ

111 969 282 1053 Νεκταρίου
311 963 503 1054 πατριάρχου
528 967 580 1029 καὶ
605 965 752 1031 κατέθετο
771 966 813 1041 εἰς
829 961 882 1028 τὸν
898 961 972 1028 ναδν
989 970 1044 1029 τοῦ
1060 961 1222 1052 θεολόγον.

112 1067 176 1135 εἶτα
193 1071 247 1136 διδ
263 1075 319 1134 τοῦ
335 1072 502 1156 μαηίστρου
515 1066 676 1156 Ῥουφίνου
695 1069 792 1135 ίκτισε
808 1066 862 1133 τόν
878 1066 953 1132 ναόν
965 1074 1021 1132 τοῦ
1033 1066 1223 1156 προδρόμου.

209 1171 258 1238 ‘H
276 1174 355 1256 μονὴ
380 1181 434 1239 τοῦ
451 1173 609 1238 Παυλίνου
628 1175 755 1258 ἐκτίσθη
773 1171 859 1259 παρὰ
874 1173 1036 1238 Παυλίνου
1052 1174 1221 1259 μαηίστρου

111 1284 166 1344 τοῦ
192 1274 377 1342 οἰκειοτάτου
404 1275 572 1364 ἀνθρώπου
590 1283 644 1342 τοῦ
662 1277 812 1360 βασιλίως
833 1275 1000 1342 Θεοδοσίου
1017 1283 1072 1342 τοῦ
1090 1282 1221 1366 μικροῦ·
1278 1327 1279 1333 1

110 1483 205 1571 ἁγίων
231 1481 421 1571 άναργόρων.
474 1474 562 1561 οὗτος
585 1481 776 1560 δΠαυλῖνος
794 1482 931 1568 τἰνηρίθη
949 1481 1032 1568 παρά
1054 1483 1221 1549 Θεοδοσίου

111 1587 376 1673 ζηλοτυπήσαντος
393 1586 486 1654 αὐτόν
503 1589 554 1653 διά
572 1587 627 1670 τὴν
645 1589 725 1652 ἰδίαν
742 1594 870 1672 γυναῖκα
887 1585 1039 1652 Εόδοκίαν
1055 1586 1111 1670 τὴν
1129 1590 1222 1670 βασί-

111 1699 230 1758 λισσαν.
281 1695 332 1757 καὶ
349 1692 409 1779 γάρ
427 1693 474 1757 ἐπὶ
491 1697 553 1758 τεόν
568 1688 692 1778 ἡμερῶν
709 1691 805 1757 αὐτοῦ
820 1686 940 1777 ηδρίθη
954 1695 1052 1774 μῆλον
1066 1715 1223 1778 παμμεγε-

110 1797 280 1877 θέστατον,
307 1797 367 1862 άπὸ
397 1797 534 1884 Φρυγίας
560 1797 742 1879 κομίσαντος
768 1792 842 1860 αιἰτό
867 1820 964 1873 τινος,
991 1791 1064 1882 ὅπερ
1082 1791 1222 1877 λαβὼνὸ

64 1912 103 1968 15
112 1899 258 1984 βασιλεδς
281 1903 332 1966 καὶ
355 1897 525 1982 θαυμάσας
548 1901 661 1965 δίδωκε
685 1907 729 1988 τῷ
753 1899 911 1981 κομίσαντι
927 1895 1089 1984 δπίρπυρα
1105 1895 1225 1966 ἑκατόν.

111 2004 147 2070 τὸ
176 2005 210 2068 δὲ
235 2009 333 2087 μῆλον
356 2003 529 2068 άπίστειλεν
547 2003 683 2092 Εδδοκίη
699 2009 739 2090 τῇ
754 2003 919 2089 βασιλίσσῃ
936 2003 969 2066 ἐκ
986 2006 1041 2084 τῆς
1057 1999 1145 2088 ἁγίας
1161 2004 1224 2068 Σο-

112 2109 204 2196 φιάς·
232 2107 324 2170 ἐκεῖσε
347 2105 407 2191 γάρ
434 2104 497 2171 όντι
521 2112 565 2194 τῷ
588 2111 713 2188 βασιλεῖ
733 2107 894 2190 ἐκομίσθη.
945 2103 1066 2189 κάκείνη
1084 2111 1226 2190 λαβοῦσα

112 2219 249 2292 κατεῖχε,
282 2211 333 2273 καὶ
368 2205 545 2291 ἐθαύμασεν
579 2210 626 2274 int
661 2217 704 2298 τῷ
737 2210 861 2294 μεγέθει
895 2209 946 2272 καὶ
979 2206 1083 2273 κάλλει
1118 2209 1224 2275 αὐτοῦ.

110 2311 294 2402 προσελθὼν
319 2312 353 2378 δὲ
376 2315 534 2390 Παυλῖνος
557 2315 608 2376 κἀδ
631 2313 706 2377 ῖδδιν
730 2312 815 2397 παρὰ
838 2319 877 2398 τῇ
902 2313 1044 2404 δεσποίνη
1066 2311 1101 2404 τό
1124 2319 1261 2406 μῆλονΒ

182 2477 197 2528 l
215 2495 243 2544 ρ.
261 2473 296 2529 56
313 2472 399 2527 Band.
504 2468 523 2539 ἡ
541 2466 572 2526 dd
590 2467 803 2540 άχετροποίητος
819 2468 938 2558 ἐκτίσθη
950 2467 1028 2538 παρά
1039 2473 1091 2528 τοῦ
1101 2470 1222 2544 μεγάλου

180 2543 395 2596 Κωνσταντίνσυ
420 2538 460 2604 είς
485 2538 517 2596 ud
543 2541 719 2607 καθέζεσθαι
738 2538 884 2614 Ἀβράμιον
908 2536 961 2596 κου’
974 2538 1102 2613 μσυαχδν
1119 2539 1221 2599 ἐκεῖσε·

181 2608 227 2666 διδ
251 2610 297 2664 καί
324 2607 432 2680 ἐκλήθη
453 2607 608 2683 Ἅβραμίοο.
644 2615 681 2682 C,
706 2613 752 2666 ubi
776 2614 868 2666 lemma
894 2606 936 2664 Τά
963 2610 1014 2678 ἔξω
1037 2609 1221 2684 μουαστήρια.

180 2684 198 2738 2
223 2682 274 2736 τοῦ
298 2681 419 2751 μεγάλου
442 2699 540 2736 κωνστ.
566 2681 635 2751 Reg.
739 2683 757 2738 3
780 2698 890 2749 στροην.
914 2675 929 2734 ὁ
956 2678 1025 2752 ἔχων
1047 2677 1099 2746 τάς
1121 2681 1223 2752 κόγχας

182 2745 239 2804 ίκτ.
258 2749 326 2818 Reg.
427 2750 554 2818 4τιμία]
573 2746 641 2819 ἁνία
657 2745 766 2818 κεφαλὴ
783 2751 853 2820 Reg.
948 2745 1043 2804 δάπδ
1061 2753 1112 2804 τοῦ
1124 2749 1204 2824 ‘an

183 2815 223 2880 είς
238 2813 271 2870 τδ
290 2817 412 2890 ἕβδομον
430 2817 499 2888 Reg.
634 2819 652 2873 8
671 2839 697 2888 p.
717 2823 751 2874 55
768 2821 853 2873 Baud.
986 2820 1037 2872 τοῦ
1056 2821 1202 2874 Παυλίνου

184 2882 220 2941 τά
238 2887 380 2954 Παυλίνης
398 2888 489 2957 CReg.
577 2885 805 2956 9οίκειοτάτου]
825 2888 908 2958 φίλου
926 2886 995 2956 Reg.
1084 2891 1117 2942 ll
1134 2885 1222 2954 α’ναρ-

183 2952 285 3026 μόρων.
305 2950 384 3006 οόπω
402 2951 434 3006 δὲ
452 2955 605 3010 ἐτελείωσεν
622 2953 711 3010 αάτόν
733 2960 766 3012 C.
891 2957 926 3020 13
942 2954 1220 3028 παμμεγεθέστατον]

202 3027 272 3093 ῆλον
290 3020 401 3091 όπώρας
418 3025 499 3092 δίκην
516 3020 616 3096 ἐπέχον
631 3027 733 3094 μοδίου
746 3021 778 3079 τό
791 3021 911 3096 μέγεθος
928 3027 967 3094 C,
985 3026 1086 3095 μοδίου
1101 3023 1224 3097 μέγεθος

182 3044 248 3164 ἕχον
264 3094 332 3164 neg.
439 3095 471 3148 15
488 3089 652 3164 δπὲρπυρα]
672 3097 827 3166 νομίσματα
844 3097 938 3166 CReg.

218 3231 329 3300 Templa
352 3231 472 3300 imaginis
496 3249 549 3285 non
572 3235 737 3288 manufactae
757 3239 785 3288 et
803 3235 834 3290 S.
849 3235 956 3289 Ioannis
973 3233 1091 3307 theologi
1107 3253 1123 3290 a
1139 3237 1221 3291 beato

111 3301 287 3358 Constantino
304 3302 388 3386 primo
406 3309 541 3356 exstructa
557 3304 675 3358 fuerunt.

215 3373 359 3426 Ecclesiam
378 3371 408 3425 S.
426 3372 532 3426 Ioannis
549 3373 683 3442 baptistae
700 3373 868 3428 Theodosius
885 3391 993 3444 magnus
1009 3373 1140 3441 condidit,
1158 3375 1222 3446 quia

112 3443 172 3513 ipao
197 3443 344 3513 imperante
368 3451 486 3496 sanctum
512 3443 569 3496 eiua
592 3453 672 3512 caput
689 3443 716 3496 in
732 3446 825 3498 urbem
842 3445 946 3497 allatum
962 3443 1027 3512 fuit,
1053 3445 1122 3516 quod
1140 3445 1223 3516 impe·

112 3520 188 3566 rator
213 3529 269 3566 oum
295 3511 449 3582 patriarcha
471 3511 601 3566 Nectario
628 3513 655 3565 in
681 3513 817 3568 Hebdomo
841 3513 968 3568 suburbio
995 3515 1115 3585 excepit,
1141 3522 1170 3569 et
1193 3516 1223 3570 in

113 3581 145 3635 S.
162 3582 270 3636 Ioannis
287 3581 468 3651 evangelistae
483 3584 580 3654 templo
597 3583 735 3651 deposuit,
753 3600 839 3654 usque
856 3585 915 3637 dum
934 3601 982 3653 per
997 3583 1128 3638 Rufinum·
1139 3587 1223 3656 magi·

113 3659 196 3707 strum
214 3651 325 3704 eeclesia
342 3651 495 3723 supradicta
512 3653 542 3704 S.
560 3653 663 3705 Ioannis
680 3653 813 3722 baptistae
828 3655 1023 3708 aedificaretur.

217 3722 406 3775 Monaaterium
429 3722 533 3774 Paulini
550 3722 676 3775 Paulinus
694 3723 819 3792 magister
837 3724 967 3790 condidit,
992 3723 1038 3792 qui
1055 3723 1131 3778 valde
1147 3724 1224 3778 faud-

112 3789 184 3842 liaria
201 3791 251 3844 suit
268 3792 421 3861 imperatori
438 3791 589 3844 Theodosio
606 3791 704 3844 iuniori
721 3801 748 3844 et
765 3809 817 3845 unu
834 3810 891 3846 oum
909 3793 967 3860 ipso
986 3793 1120 3848 educatus.
1154 3793 1223 3846 huno

113 3870 207 3944 pooteu
230 3861 395 3914 Theodosius
419 3861 553 3944 aeiotypia
576 3861 673 3946 oceidit
697 3863 739 3945 ob⁸
753 3863 889 3930 coniugem
905 3862 1049 3946 Idudooium
1066 3864 1222 3948 Augustam·

113 3931 867 4074 titt‘’5525333233303220pitiittttititt
881 3935 1224 4072 oiffiomiiiiii‘limdd

113 4074 170 4120 tum
194 4071 354 4152 hyperpyrio
377 4071 564 4125 remuneravit.
594 4089 700 4194 Xomuuu
720 4089 785 4126 vero
803 4087 836 4125 ex
852 4073 948 4142 templo
966 4073 997 4126 S.
1016 4071 1148 4140 Sophiae,
1174 4068 1222 4122 ubi
1336 4072 1343 4094 ¹

113 4136 166 4190 hoo
188 4137 240 4206 ipsa
262 4139 376 4194 oblatum
400 4147 471 4208 erat,
498 4141 532 4194 ad
549 4140 592 4194 Eu
612 4141 694 4194 ooiam
711 4139 855 4212 Augustam
872 4142 961 4210 misit,
986 4157 1055 4211 quae
1072 4138 1136 4190 iliud
1152 4138 1223 4192 auoi-

112 4205 191 4277 piena
209 4223 293 4276 aeque
310 4209 515 4280 magnitudinem
532 4220 612 4282 atque
627 4210 848 4282 pulchritudinem
866 4213 923 4266 eiua
941 4211 1034 4266 nirata
1049 4205 1110 4259 fuit.
1145 4223 1222 4262 aoce-

114 4276 181 4331 (λεια
205 4283 291 4334 autom
314 4281 350 4334 ud
372 4297 429 4336 eam
452 4279 593 4350 Pedium,
620 4289 650 4338 et
673 4281 739 4340 iden
756 4300 859 4356 pomum
876 4281 956 4340 simili
971 4293 1029 4333 oum
1047 4274 1223 4334 admiratione
