<?xml version="1.0" encoding="UTF-8"?>
<!DOCTYPE html PUBLIC "-//W3C//DTD XHTML 1.0 Transitional//EN"
    "http://www.w3.org/TR/xhtml1/DTD/xhtml1-transitional.dtd">
<html xmlns="http://www.w3.org/1999/xhtml" xml:lang="en" lang="en">
 <head>
  <title>
</title>
<meta http-equiv="Content-Type" content="text/html;charset=utf-8" />
  <meta name='ocr-system' content='tesseract 3.04.00' />
  <meta name='ocr-capabilities' content='ocr_page ocr_carea ocr_par ocr_line ocrx_word'/>
</head>
<body>
  <div class='ocr_page' id='page_1' title='image "./excerptadeantiq00codigoog_0090.png"; bbox 0 0 2802 4636; ppageno 0'>
   <div class='ocr_carea' id='block_1_1' title="bbox 448 279 1199 352">
    <p class='ocr_par' dir='ltr' id='par_1_1' title="bbox 448 279 1199 352">
     <span class='ocr_line' id='line_1_1' title="bbox 448 279 1199 352; baseline 0.004 -5"><span class='ocrx_word' id='word_1_1' title='bbox 448 283 508 347; x_wconf 90' lang='lat' dir='ltr'><strong>DE</strong></span> <span class='ocrx_word' id='word_1_2' title='bbox 533 279 759 346; x_wconf 80' lang='lat' dir='ltr'><strong>AEDIFIGIIS</strong></span> <span class='ocrx_word' id='word_1_3' title='bbox 787 280 848 346; x_wconf 84' lang='lat' dir='ltr'><strong>GP.</strong></span> <span class='ocrx_word' id='word_1_4' title='bbox 1151 282 1199 352; x_wconf 80' lang='lat'><strong>73</strong></span> 
     </span>
    </p>
   </div>
   <div class='ocr_carea' id='block_1_2' title="bbox 54 466 1246 2423">
    <p class='ocr_par' dir='ltr' id='par_1_2' title="bbox 54 466 1246 2423">
     <span class='ocr_line' id='line_1_2' title="bbox 100 466 1203 560; baseline -0.005 -20"><span class='ocrx_word' id='word_1_5' title='bbox 100 477 186 552; x_wconf 90' lang='grc' dir='ltr'><em>κίου,</em></span> <span class='ocrx_word' id='word_1_6' title='bbox 213 476 262 538; x_wconf 81' lang='grc' dir='ltr'><strong>καί</strong></span> <span class='ocrx_word' id='word_1_7' title='bbox 287 467 474 560; x_wconf 75' lang='grc' dir='ltr'><em>παρεκάλουν</em></span> <span class='ocrx_word' id='word_1_8' title='bbox 499 471 552 538; x_wconf 82' lang='grc' dir='ltr'><strong>τὸν</strong></span> <span class='ocrx_word' id='word_1_9' title='bbox 574 471 703 554; x_wconf 73' lang='grc' dir='ltr'><em>βασιλέα</em></span> <span class='ocrx_word' id='word_1_10' title='bbox 721 475 870 535; x_wconf 70' lang='grc' dir='ltr'><em>κατοικεῖν</em></span> <span class='ocrx_word' id='word_1_11' title='bbox 887 466 999 546; x_wconf 78' lang='grc' dir='ltr'><em>αάτοίις</em></span> <span class='ocrx_word' id='word_1_12' title='bbox 1015 469 1125 550; x_wconf 79' lang='grc' dir='ltr'><em>ίκεῖσε,</em></span> <span class='ocrx_word' id='word_1_13' title='bbox 1150 475 1203 536; x_wconf 84' lang='grc' dir='ltr'><strong>καὶ</strong></span> 
     </span>
     <span class='ocr_line' id='line_1_3' title="bbox 100 572 1204 663; baseline -0.003 -21"><span class='ocrx_word' id='word_1_14' title='bbox 100 579 219 663; x_wconf 79' lang='grc' dir='ltr'><em>γέγονε·</em></span> <span class='ocrx_word' id='word_1_15' title='bbox 245 579 296 641; x_wconf 78' lang='grc' dir='ltr'><strong>καὶ</strong></span> <span class='ocrx_word' id='word_1_16' title='bbox 320 576 414 653; x_wconf 74' lang='grc' dir='ltr'><em>εὐθὺς</em></span> <span class='ocrx_word' id='word_1_17' title='bbox 438 577 622 662; x_wconf 85' lang='grc' dir='ltr'><em>ἀνεγείρουσι</em></span> <span class='ocrx_word' id='word_1_18' title='bbox 646 573 698 639; x_wconf 81' lang='grc' dir='ltr'><strong>τόν</strong></span> <span class='ocrx_word' id='word_1_19' title='bbox 720 575 793 639; x_wconf 84' lang='grc' dir='ltr'><em>ναὸν</em></span> <span class='ocrx_word' id='word_1_20' title='bbox 811 573 840 638; x_wconf 78' lang='grc' dir='ltr'><strong>οἱ</strong></span> <span class='ocrx_word' id='word_1_21' title='bbox 853 573 1016 658; x_wconf 86' lang='grc' dir='ltr'><em>Ἀρειανοί,</em></span> <span class='ocrx_word' id='word_1_22' title='bbox 1042 577 1093 638; x_wconf 79' lang='grc' dir='ltr'><strong>καὶ</strong></span> <span class='ocrx_word' id='word_1_23' title='bbox 1111 572 1204 652; x_wconf 72' lang='grc' dir='ltr'><em>δοξά-</em></span> 
     </span>
     <span class='ocr_line' id='line_1_4' title="bbox 104 675 1204 768; baseline -0.004 -22"><span class='ocrx_word' id='word_1_24' title='bbox 104 685 185 760; x_wconf 83' lang='grc' dir='ltr'><em>ζεται</em></span> <span class='ocrx_word' id='word_1_25' title='bbox 202 680 277 768; x_wconf 76' lang='grc' dir='ltr'><em>παρ’</em></span> <span class='ocrx_word' id='word_1_26' title='bbox 298 681 397 746; x_wconf 75' lang='grc' dir='ltr'><em>αὐτῶν</em></span> <span class='ocrx_word' id='word_1_27' title='bbox 414 679 465 764; x_wconf 63' lang='lat' dir='ltr'><strong>dm</strong></span> <span class='ocrx_word' id='word_1_28' title='bbox 484 677 519 760; x_wconf 78' lang='grc' dir='ltr'><strong>ζ,</strong></span> <span class='ocrx_word' id='word_1_29' title='bbox 546 681 595 742; x_wconf 83' lang='grc' dir='ltr'><strong>καί</strong></span> <span class='ocrx_word' id='word_1_30' title='bbox 612 680 710 743; x_wconf 88' lang='grc' dir='ltr'><em>πίπτει</em></span> <span class='ocrx_word' id='word_1_31' title='bbox 728 675 979 762; x_wconf 78' lang='grc' dir='ltr'><em>λειτουργούντων</em></span> <span class='ocrx_word' id='word_1_32' title='bbox 996 675 1096 742; x_wconf 81' lang='grc' dir='ltr'><em>αὐτῶν</em></span> <span class='ocrx_word' id='word_1_33' title='bbox 1113 680 1144 742; x_wconf 73' lang='grc' dir='ltr'><strong>ἓν</strong></span> <span class='ocrx_word' id='word_1_34' title='bbox 1160 685 1204 766; x_wconf 80' lang='grc' dir='ltr'><strong>τῷ</strong></span> 
     </span>
     <span class='ocr_line' id='line_1_5' title="bbox 104 779 1205 872; baseline -0.002 -24"><span class='ocrx_word' id='word_1_35' title='bbox 104 781 226 872; x_wconf 56' lang='lat' dir='ltr'><strong>{stirap</strong></span> <span class='ocrx_word' id='word_1_36' title='bbox 258 783 335 864; x_wconf 70' lang='grc' dir='ltr'><em>ε’τει,</em></span> <span class='ocrx_word' id='word_1_37' title='bbox 361 784 411 849; x_wconf 85' lang='grc' dir='ltr'><strong>ὅτε</strong></span> <span class='ocrx_word' id='word_1_38' title='bbox 439 787 490 848; x_wconf 82' lang='grc' dir='ltr'><strong>καὶ</strong></span> <span class='ocrx_word' id='word_1_39' title='bbox 514 784 659 869; x_wconf 78' lang='grc' dir='ltr'><em>Ἀρειανοὶ</em></span> <span class='ocrx_word' id='word_1_40' title='bbox 686 779 921 865; x_wconf 71' lang='grc' dir='ltr'><em>ἀπεκτάνθησαν</em></span> <span class='ocrx_word' id='word_1_41' title='bbox 946 781 1063 846; x_wconf 90' lang='grc' dir='ltr'><em>πολλοί.</em></span> <span class='ocrx_word' id='word_1_42' title='bbox 1113 782 1144 846; x_wconf 73' lang='grc' dir='ltr'><strong>ἐν</strong></span> <span class='ocrx_word' id='word_1_43' title='bbox 1171 783 1205 846; x_wconf 76' lang='grc' dir='ltr'><strong>ἀὲ</strong></span> 
     </span>
     <span class='ocr_line' id='line_1_6' title="bbox 77 881 1206 974; baseline 0.002 -26"><span class='ocrx_word' id='word_1_44' title='bbox 77 896 170 965; x_wconf 66' lang='lat' dir='ltr'><strong>svau</strong></span> <span class='ocrx_word' id='word_1_45' title='bbox 192 884 320 974; x_wconf 82' lang='grc' dir='ltr'><em>ήμίροιις</em></span> <span class='ocrx_word' id='word_1_46' title='bbox 333 887 548 955; x_wconf 80' lang='grc' dir='ltr'><em>Ἰουστινιανοῦ</em></span> <span class='ocrx_word' id='word_1_47' title='bbox 564 893 619 952; x_wconf 80' lang='grc' dir='ltr'><strong>τοῦ</strong></span> <span class='ocrx_word' id='word_1_48' title='bbox 636 882 769 971; x_wconf 78' lang='grc' dir='ltr'><em>μεγάλου</em></span> <span class='ocrx_word' id='word_1_49' title='bbox 789 886 969 974; x_wconf 85' lang='grc' dir='ltr'><em>ἀνεγείρεται</em></span> <span class='ocrx_word' id='word_1_50' title='bbox 989 881 1005 949; x_wconf 84' lang='grc' dir='ltr'><em>ὃ</em></span> <span class='ocrx_word' id='word_1_51' title='bbox 1024 884 1116 961; x_wconf 79' lang='grc' dir='ltr'><em>αὐτὸς</em></span> <span class='ocrx_word' id='word_1_52' title='bbox 1132 885 1206 962; x_wconf 85' lang='grc' dir='ltr'><em>ναὸς</em></span> 
     </span>
     <span class='ocr_line' id='line_1_7' title="bbox 100 988 625 1078; baseline -0.004 -22"><span class='ocrx_word' id='word_1_53' title='bbox 100 995 151 1056; x_wconf 85' lang='grc' dir='ltr'><strong>καὶ</strong></span> <span class='ocrx_word' id='word_1_54' title='bbox 165 991 289 1057; x_wconf 73' lang='grc' dir='ltr'><em>ἵσταται</em></span> <span class='ocrx_word' id='word_1_55' title='bbox 307 993 395 1078; x_wconf 74' lang='grc' dir='ltr'><em>μέχρι</em></span> <span class='ocrx_word' id='word_1_56' title='bbox 412 999 466 1076; x_wconf 84' lang='grc' dir='ltr'><strong>τῆς</strong></span> <span class='ocrx_word' id='word_1_57' title='bbox 483 988 625 1078; x_wconf 84' lang='grc' dir='ltr'><em>σήμερον.</em></span> 
     </span>
     <span class='ocr_line' id='line_1_8' title="bbox 205 1090 1243 1180; baseline -0.001 -21"><span class='ocrx_word' id='word_1_58' title='bbox 205 1098 435 1172; x_wconf 86' lang='grc' dir='ltr'><em>Κωνσταντΐνος</em></span> <span class='ocrx_word' id='word_1_59' title='bbox 463 1092 478 1159; x_wconf 83' lang='grc' dir='ltr'><em>ὃ</em></span> <span class='ocrx_word' id='word_1_60' title='bbox 507 1097 601 1180; x_wconf 75' lang='grc' dir='ltr'><em>μέγας</em></span> <span class='ocrx_word' id='word_1_61' title='bbox 630 1091 766 1180; x_wconf 77' lang='grc' dir='ltr'><em>ἀνήγειρε</em></span> <span class='ocrx_word' id='word_1_62' title='bbox 793 1093 848 1178; x_wconf 82' lang='grc' dir='ltr'><strong>τήν</strong></span> <span class='ocrx_word' id='word_1_63' title='bbox 875 1091 963 1179; x_wconf 79' lang='grc' dir='ltr'><em>ἁγίαν</em></span> <span class='ocrx_word' id='word_1_64' title='bbox 989 1090 1122 1178; x_wconf 75' lang='grc' dir='ltr'><em>Εἰρήνην</em></span> <span class='ocrx_word' id='word_1_65' title='bbox 1148 1093 1243 1175; x_wconf 71' lang='lat' dir='ltr'><strong>chun</strong></span> 
     </span>
     <span class='ocr_line' id='line_1_9' title="bbox 98 1194 1206 1286; baseline 0.001 -25"><span class='ocrx_word' id='word_1_66' title='bbox 98 1194 255 1277; x_wconf 87' lang='grc' dir='ltr'><em>παλαιάν,</em></span> <span class='ocrx_word' id='word_1_67' title='bbox 281 1201 331 1264; x_wconf 83' lang='grc' dir='ltr'><strong>καὶ</strong></span> <span class='ocrx_word' id='word_1_68' title='bbox 357 1199 412 1282; x_wconf 81' lang='grc' dir='ltr'><strong>τήν</strong></span> <span class='ocrx_word' id='word_1_69' title='bbox 436 1197 525 1284; x_wconf 86' lang='grc' dir='ltr'><em>ἀγίαν</em></span> <span class='ocrx_word' id='word_1_70' title='bbox 547 1201 665 1284; x_wconf 80' lang='grc' dir='ltr'><em>Σοφίαν</em></span> <span class='ocrx_word' id='word_1_71' title='bbox 684 1196 849 1286; x_wconf 85' lang='grc' dir='ltr'><em>δρομικήν,</em></span> <span class='ocrx_word' id='word_1_72' title='bbox 877 1197 996 1263; x_wconf 84' lang='grc' dir='ltr'><em>καὶτὸν</em></span> <span class='ocrx_word' id='word_1_73' title='bbox 1015 1196 1100 1284; x_wconf 78' lang='grc' dir='ltr'><em>ἅγιον</em></span> <span class='ocrx_word' id='word_1_74' title='bbox 1115 1197 1206 1282; x_wconf 83' lang='grc' dir='ltr'><em>Ἀγα-</em></span> 
     </span>
     <span class='ocr_line' id='line_1_10' title="bbox 54 1299 1207 1386; baseline 0.004 -25"><span class='ocrx_word' id='word_1_75' title='bbox 54 1355 57 1360; x_wconf 96' lang='grc'><em>.</em></span> <span class='ocrx_word' id='word_1_76' title='bbox 99 1301 247 1380; x_wconf 70' lang='grc' dir='ltr'><em>θόνικον,</em></span> <span class='ocrx_word' id='word_1_77' title='bbox 286 1305 338 1366; x_wconf 84' lang='grc' dir='ltr'><strong>καὶ</strong></span> <span class='ocrx_word' id='word_1_78' title='bbox 370 1303 422 1367; x_wconf 87' lang='grc' dir='ltr'><strong>τὸν</strong></span> <span class='ocrx_word' id='word_1_79' title='bbox 455 1300 539 1386; x_wconf 82' lang='grc' dir='ltr'><em>ἀγιον</em></span> <span class='ocrx_word' id='word_1_80' title='bbox 569 1299 705 1366; x_wconf 81' lang='grc' dir='ltr'><em>Ἆκάκιον</em></span> <span class='ocrx_word' id='word_1_81' title='bbox 734 1301 787 1366; x_wconf 82' lang='grc' dir='ltr'><strong>τὸν</strong></span> <span class='ocrx_word' id='word_1_82' title='bbox 815 1299 1013 1368; x_wconf 80' lang='grc' dir='ltr'><em>ἓπτάσκυλον.</em></span> <span class='ocrx_word' id='word_1_83' title='bbox 1064 1301 1136 1376; x_wconf 73' lang='grc' dir='ltr'><em>τοὺς</em></span> <span class='ocrx_word' id='word_1_84' title='bbox 1173 1301 1207 1366; x_wconf 72' lang='lat' dir='ltr'><strong>dd</strong></span> 
     </span>
     <span class='ocr_line' id='line_1_11' title="bbox 58 1402 1207 1490; baseline 0.003 -23"><span class='ocrx_word' id='word_1_85' title='bbox 58 1403 210 1490; x_wconf 79' lang='grc' dir='ltr'><em>1οἀγίους</em></span> <span class='ocrx_word' id='word_1_86' title='bbox 235 1402 424 1482; x_wconf 80' lang='grc' dir='ltr'><em>ἀποστόλους</em></span> <span class='ocrx_word' id='word_1_87' title='bbox 445 1403 558 1472; x_wconf 61' lang='grc' dir='ltr'><em>ἔκτισεν</em></span> <span class='ocrx_word' id='word_1_88' title='bbox 582 1403 601 1487; x_wconf 78' lang='grc' dir='ltr'>ἡ</span> <span class='ocrx_word' id='word_1_89' title='bbox 625 1402 726 1490; x_wconf 85' lang='grc' dir='ltr'><em>μήτηρ</em></span> <span class='ocrx_word' id='word_1_90' title='bbox 746 1404 841 1469; x_wconf 75' lang='grc' dir='ltr'><em>αὐτοῦ</em></span> <span class='ocrx_word' id='word_1_91' title='bbox 858 1405 914 1470; x_wconf 71' lang='grc' dir='ltr'><strong>σὺν</strong></span> <span class='ocrx_word' id='word_1_92' title='bbox 933 1405 1033 1490; x_wconf 77' lang='grc' dir='ltr'><em>αὐτῷ,</em></span> <span class='ocrx_word' id='word_1_93' title='bbox 1060 1405 1207 1490; x_wconf 73' lang='grc' dir='ltr'><em>δρομικὸν</em></span> 
     </span>
     <span class='ocr_line' id='line_1_12' title="bbox 98 1499 1207 1594; baseline 0 -22"><span class='ocrx_word' id='word_1_94' title='bbox 98 1507 282 1594; x_wconf 78' lang='grc' dir='ltr'><em>’ξυλόστεγον</em></span> <span class='ocrx_word' id='word_1_95' title='bbox 304 1508 474 1590; x_wconf 88' lang='grc' dir='ltr'><em>ποιήσασα,</em></span> <span class='ocrx_word' id='word_1_96' title='bbox 500 1512 551 1574; x_wconf 80' lang='grc' dir='ltr'><strong>καί</strong></span> <span class='ocrx_word' id='word_1_97' title='bbox 567 1517 701 1590; x_wconf 81' lang='grc' dir='ltr'><em>μνημεῖα</em></span> <span class='ocrx_word' id='word_1_98' title='bbox 717 1514 777 1571; x_wconf 84' lang='grc' dir='ltr'><strong>τῶν</strong></span> <span class='ocrx_word' id='word_1_99' title='bbox 793 1509 962 1589; x_wconf 76' lang='grc' dir='ltr'><em>βασιλέων,</em></span> <span class='ocrx_word' id='word_1_100' title='bbox 988 1499 1030 1572; x_wconf 80' lang='grc' dir='ltr'><strong>ὧν</strong></span> <span class='ocrx_word' id='word_1_101' title='bbox 1047 1508 1130 1583; x_wconf 70' lang='grc' dir='ltr'><em>ἐντὸς</em></span> <span class='ocrx_word' id='word_1_102' title='bbox 1147 1517 1207 1572; x_wconf 83' lang='grc' dir='ltr'><strong>κεῖ-</strong></span> 
     </span>
     <span class='ocr_line' id='line_1_13' title="bbox 97 1601 749 1700; baseline -0.011 -22"><span class='ocrx_word' id='word_1_103' title='bbox 97 1639 155 1678; x_wconf 88' lang='grc' dir='ltr'><strong>ται</strong></span> <span class='ocrx_word' id='word_1_104' title='bbox 171 1613 247 1695; x_wconf 84' lang='grc' dir='ltr'><em>μετά</em></span> <span class='ocrx_word' id='word_1_105' title='bbox 265 1621 320 1696; x_wconf 80' lang='grc' dir='ltr'><strong>τῆς</strong></span> <span class='ocrx_word' id='word_1_106' title='bbox 337 1615 454 1700; x_wconf 85' lang='grc' dir='ltr'><em>μητρὸς</em></span> <span class='ocrx_word' id='word_1_107' title='bbox 473 1613 568 1678; x_wconf 75' lang='grc' dir='ltr'><em>αὐτοῦ</em></span> <span class='ocrx_word' id='word_1_108' title='bbox 584 1614 634 1676; x_wconf 84' lang='grc' dir='ltr'><strong>καὶ</strong></span> <span class='ocrx_word' id='word_1_109' title='bbox 652 1601 749 1686; x_wconf 72' lang='grc' dir='ltr'><em>οὗτος.</em></span> 
     </span>
     <span class='ocr_line' id='line_1_14' title="bbox 210 1711 1206 1801; baseline -0.002 -21"><span class='ocrx_word' id='word_1_110' title='bbox 210 1715 277 1799; x_wconf 87' lang='grc' dir='ltr'><strong>Τήν</strong></span> <span class='ocrx_word' id='word_1_111' title='bbox 302 1718 399 1800; x_wconf 83' lang='grc' dir='ltr'><em>μονήν</em></span> <span class='ocrx_word' id='word_1_112' title='bbox 424 1725 478 1801; x_wconf 85' lang='grc' dir='ltr'><strong>τής</strong></span> <span class='ocrx_word' id='word_1_113' title='bbox 505 1717 647 1797; x_wconf 72' lang='grc' dir='ltr'><em>Βεθλείμ</em></span> <span class='ocrx_word' id='word_1_114' title='bbox 671 1713 784 1780; x_wconf 66' lang='grc' dir='ltr'><em>ἔκτισεν</em></span> <span class='ocrx_word' id='word_1_115' title='bbox 806 1711 826 1796; x_wconf 76' lang='grc' dir='ltr'><em>ἦ</em></span> <span class='ocrx_word' id='word_1_116' title='bbox 852 1711 922 1798; x_wconf 85' lang='grc' dir='ltr'><em>ἀγία</em></span> <span class='ocrx_word' id='word_1_117' title='bbox 944 1712 1066 1799; x_wconf 81' lang='grc' dir='ltr'><em>Ἑλίκη,</em></span> <span class='ocrx_word' id='word_1_118' title='bbox 1092 1717 1143 1780; x_wconf 84' lang='grc' dir='ltr'><strong>καί</strong></span> <span class='ocrx_word' id='word_1_119' title='bbox 1168 1713 1206 1780; x_wconf 87' lang='grc' dir='ltr'><em>τά</em></span> 
     </span>
     <span class='ocr_line' id='line_1_15' title="bbox 101 1811 1209 1905; baseline -0.002 -23"><span class='ocrx_word' id='word_1_120' title='bbox 101 1821 136 1882; x_wconf 94' lang='grc' dir='ltr'>Γ</span> <span class='ocrx_word' id='word_1_121' title='bbox 134 1816 254 1905; x_wconf 90' lang='grc' dir='ltr'><em>άστρια.</em></span> <span class='ocrx_word' id='word_1_122' title='bbox 306 1828 467 1886; x_wconf 81' lang='grc' dir='ltr'><em>καλοῦνται</em></span> <span class='ocrx_word' id='word_1_123' title='bbox 486 1822 519 1885; x_wconf 79' lang='grc' dir='ltr'><strong>ἀί</strong></span> <span class='ocrx_word' id='word_1_124' title='bbox 538 1819 634 1896; x_wconf 78' lang='grc' dir='ltr'><em>οὕτως</em></span> <span class='ocrx_word' id='word_1_125' title='bbox 641 1868 651 1898; x_wconf 92' lang='grc'><em>,</em></span> <span class='ocrx_word' id='word_1_126' title='bbox 670 1815 748 1882; x_wconf 78' lang='grc' dir='ltr'><em>διότι</em></span> <span class='ocrx_word' id='word_1_127' title='bbox 766 1811 918 1899; x_wconf 88' lang='grc' dir='ltr'><em>κομίσασα</em></span> <span class='ocrx_word' id='word_1_128' title='bbox 936 1817 995 1881; x_wconf 86' lang='grc' dir='ltr'><strong>ἀπὸ</strong></span> <span class='ocrx_word' id='word_1_129' title='bbox 1009 1816 1209 1904; x_wconf 81' lang='grc' dir='ltr'><em>Ἰερουσαλήμ</em></span> 
     </span>
     <span class='ocr_line' id='line_1_16' title="bbox 60 1918 1210 2010; baseline -0.001 -25"><span class='ocrx_word' id='word_1_130' title='bbox 60 1933 95 1985; x_wconf 83' lang='grc'><strong>15</strong></span> <span class='ocrx_word' id='word_1_131' title='bbox 104 1923 159 1988; x_wconf 84' lang='grc' dir='ltr'><strong>τὸν</strong></span> <span class='ocrx_word' id='word_1_132' title='bbox 182 1925 281 2006; x_wconf 89' lang='grc' dir='ltr'><em>τίμιον</em></span> <span class='ocrx_word' id='word_1_133' title='bbox 307 1925 440 2010; x_wconf 84' lang='grc' dir='ltr'><em>σταυρὸν</em></span> <span class='ocrx_word' id='word_1_134' title='bbox 464 1921 618 2008; x_wconf 76' lang='grc' dir='ltr'><em>εἰσήγαγεν</em></span> <span class='ocrx_word' id='word_1_135' title='bbox 641 1922 734 1987; x_wconf 82' lang='grc' dir='ltr'><em>αάτὸν</em></span> <span class='ocrx_word' id='word_1_136' title='bbox 754 1921 804 1985; x_wconf 69' lang='lat' dir='ltr'><strong>ord</strong></span> <span class='ocrx_word' id='word_1_137' title='bbox 821 1926 875 2004; x_wconf 80' lang='grc' dir='ltr'><strong>τῆς</strong></span> <span class='ocrx_word' id='word_1_138' title='bbox 891 1918 1005 2005; x_wconf 87' lang='grc' dir='ltr'><em>πόρτης</em></span> <span class='ocrx_word' id='word_1_139' title='bbox 1021 1927 1075 1986; x_wconf 77' lang='grc' dir='ltr'><strong>τοῦ</strong></span> <span class='ocrx_word' id='word_1_140' title='bbox 1097 1919 1210 2003; x_wconf 75' lang='grc' dir='ltr'><em>Ψαμά-</em></span> 
     </span>
     <span class='ocr_line' id='line_1_17' title="bbox 103 2023 1210 2110; baseline 0.001 -20"><span class='ocrx_word' id='word_1_141' title='bbox 103 2033 187 2102; x_wconf 77' lang='grc' dir='ltr'><em>θου,</em></span> <span class='ocrx_word' id='word_1_142' title='bbox 214 2031 265 2090; x_wconf 83' lang='grc' dir='ltr'><strong>καὶ</strong></span> <span class='ocrx_word' id='word_1_143' title='bbox 289 2027 329 2090; x_wconf 81' lang='grc' dir='ltr'><strong>τὰ</strong></span> <span class='ocrx_word' id='word_1_144' title='bbox 353 2025 516 2109; x_wconf 71' lang='grc' dir='ltr'><em>εὑρεθέντα</em></span> <span class='ocrx_word' id='word_1_145' title='bbox 540 2029 631 2090; x_wconf 75' lang='grc' dir='ltr'><em>ἐκεῖσε</em></span> <span class='ocrx_word' id='word_1_146' title='bbox 656 2023 757 2090; x_wconf 76' lang='grc' dir='ltr'><em>ἐπάνω</em></span> <span class='ocrx_word' id='word_1_147' title='bbox 780 2031 834 2088; x_wconf 79' lang='grc' dir='ltr'><strong>τοῦ</strong></span> <span class='ocrx_word' id='word_1_148' title='bbox 854 2031 989 2109; x_wconf 83' lang='grc' dir='ltr'><em>σταυροῦ</em></span> <span class='ocrx_word' id='word_1_149' title='bbox 1006 2027 1092 2110; x_wconf 85' lang='grc' dir='ltr'><em>κρίνοι</em></span> <span class='ocrx_word' id='word_1_150' title='bbox 1109 2051 1141 2089; x_wconf 91' lang='grc' dir='ltr'><strong>τε</strong></span> <span class='ocrx_word' id='word_1_151' title='bbox 1159 2027 1210 2091; x_wconf 85' lang='grc' dir='ltr'><strong>καὶ</strong></span> 
     </span>
     <span class='ocr_line' id='line_1_18' title="bbox 106 2125 1211 2216; baseline 0 -24"><span class='ocrx_word' id='word_1_152' title='bbox 106 2127 212 2216; x_wconf 79' lang='grc' dir='ltr'><em>φόλλα</em></span> <span class='ocrx_word' id='word_1_153' title='bbox 225 2131 276 2192; x_wconf 86' lang='grc' dir='ltr'><strong>καὶ</strong></span> <span class='ocrx_word' id='word_1_154' title='bbox 289 2129 435 2210; x_wconf 74' lang='grc' dir='ltr'><em>βασιλικὰ</em></span> <span class='ocrx_word' id='word_1_155' title='bbox 450 2133 500 2194; x_wconf 82' lang='grc' dir='ltr'><strong>καί</strong></span> <span class='ocrx_word' id='word_1_156' title='bbox 514 2126 778 2215; x_wconf 84' lang='grc' dir='ltr'><em>τριακοντάφυλλα</em></span> <span class='ocrx_word' id='word_1_157' title='bbox 790 2131 841 2192; x_wconf 85' lang='grc' dir='ltr'><strong>καὶ</strong></span> <span class='ocrx_word' id='word_1_158' title='bbox 854 2125 988 2204; x_wconf 84' lang='grc' dir='ltr'><em>κάστους</em></span> <span class='ocrx_word' id='word_1_159' title='bbox 997 2133 1047 2192; x_wconf 83' lang='grc' dir='ltr'><strong>καί</strong></span> <span class='ocrx_word' id='word_1_160' title='bbox 1057 2127 1211 2212; x_wconf 75' lang='grc' dir='ltr'><em>σάμψοχα</em></span> 
     </span>
     <span class='ocr_line' id='line_1_19' title="bbox 105 2228 1246 2318; baseline -0.001 -23"><span class='ocrx_word' id='word_1_161' title='bbox 105 2234 159 2295; x_wconf 82' lang='grc' dir='ltr'><strong>καί</strong></span> <span class='ocrx_word' id='word_1_162' title='bbox 175 2228 322 2314; x_wconf 78' lang='grc' dir='ltr'><em>βάλσαμα</em></span> <span class='ocrx_word' id='word_1_163' title='bbox 339 2230 500 2318; x_wconf 78' lang='grc' dir='ltr'><em>ἓφάτευσεν</em></span> <span class='ocrx_word' id='word_1_164' title='bbox 517 2236 559 2308; x_wconf 80' lang='grc' dir='ltr'><strong>εἷς</strong></span> <span class='ocrx_word' id='word_1_165' title='bbox 574 2231 709 2316; x_wconf 81' lang='grc' dir='ltr'><em>γάστρας</em></span> <span class='ocrx_word' id='word_1_166' title='bbox 725 2230 802 2316; x_wconf 80' lang='grc' dir='ltr'><em>πρὸς</em></span> <span class='ocrx_word' id='word_1_167' title='bbox 819 2231 853 2296; x_wconf 85' lang='grc' dir='ltr'><strong>τὸ</strong></span> <span class='ocrx_word' id='word_1_168' title='bbox 872 2235 1072 2314; x_wconf 75' lang='grc' dir='ltr'><em>διασωθῆναι.</em></span> <span class='ocrx_word' id='word_1_169' title='bbox 1114 2235 1206 2298; x_wconf 77' lang='grc' dir='ltr'><em>ἐκεῖσε</em></span> <span class='ocrx_word' id='word_1_170' title='bbox 1223 2241 1246 2294; x_wconf 84' lang='lat' dir='ltr'>G</span> 
     </span>
     <span class='ocr_line' id='line_1_20' title="bbox 105 2333 1210 2423; baseline 0.003 -25"><span class='ocrx_word' id='word_1_171' title='bbox 105 2335 142 2398; x_wconf 76' lang='grc' dir='ltr'><strong>(λὲ</strong></span> <span class='ocrx_word' id='word_1_172' title='bbox 155 2333 370 2416; x_wconf 86' lang='grc' dir='ltr'><em>ἀπληκιάσοισα</em></span> <span class='ocrx_word' id='word_1_173' title='bbox 384 2333 522 2418; x_wconf 84' lang='grc' dir='ltr'><em>ὠνόμασε</em></span> <span class='ocrx_word' id='word_1_174' title='bbox 535 2335 587 2400; x_wconf 86' lang='grc' dir='ltr'><strong>τὸν</strong></span> <span class='ocrx_word' id='word_1_175' title='bbox 600 2333 692 2399; x_wconf 87' lang='grc' dir='ltr'><em>τόπον</em></span> <span class='ocrx_word' id='word_1_176' title='bbox 705 2336 735 2396; x_wconf 89' lang='grc' dir='ltr'><em>Γ</em></span> <span class='ocrx_word' id='word_1_177' title='bbox 733 2333 842 2419; x_wconf 88' lang='grc' dir='ltr'><em>άστρια</em></span> <span class='ocrx_word' id='word_1_178' title='bbox 849 2381 859 2411; x_wconf 96' lang='grc'><em>,</em></span> <span class='ocrx_word' id='word_1_179' title='bbox 873 2337 922 2398; x_wconf 81' lang='grc' dir='ltr'><strong>καί</strong></span> <span class='ocrx_word' id='word_1_180' title='bbox 935 2336 1031 2419; x_wconf 81' lang='grc' dir='ltr'><em>μονήν</em></span> <span class='ocrx_word' id='word_1_181' title='bbox 1044 2333 1210 2423; x_wconf 87' lang='grc' dir='ltr'><em>ἀνήγειρεν.</em></span> 
     </span>
    </p>
   </div>
   <div class='ocr_carea' id='block_1_3' title="bbox 174 2489 1211 3104">
    <p class='ocr_par' dir='ltr' id='par_1_3' title="bbox 174 2489 1211 3104">
     <span class='ocr_line' id='line_1_21' title="bbox 177 2489 1208 2566; baseline 0.006 -20"><span class='ocrx_word' id='word_1_182' title='bbox 177 2498 195 2552; x_wconf 87' lang='grc'>3</span> <span class='ocrx_word' id='word_1_183' title='bbox 219 2496 325 2565; x_wconf 87' lang='grc' dir='ltr'><em>πίπτει,</em></span> <span class='ocrx_word' id='word_1_184' title='bbox 351 2493 388 2558; x_wconf 81' lang='grc' dir='ltr'><strong>ὡς</strong></span> <span class='ocrx_word' id='word_1_185' title='bbox 411 2490 506 2566; x_wconf 84' lang='grc' dir='ltr'><em>λόγος,</em></span> <span class='ocrx_word' id='word_1_186' title='bbox 531 2492 572 2551; x_wconf 71' lang='grc' dir='ltr'><strong>ἔτι</strong></span> <span class='ocrx_word' id='word_1_187' title='bbox 596 2499 621 2552; x_wconf 86' lang='grc' dir='ltr'><strong>λ.</strong></span> <span class='ocrx_word' id='word_1_188' title='bbox 646 2500 679 2552; x_wconf 99' lang='lat' dir='ltr'><strong>F.</strong></span> <span class='ocrx_word' id='word_1_189' title='bbox 818 2497 836 2551; x_wconf 88' lang='lat'><strong>4</strong></span> <span class='ocrx_word' id='word_1_190' title='bbox 862 2489 909 2548; x_wconf 77' lang='grc' dir='ltr'><strong>ὅτε</strong></span> <span class='ocrx_word' id='word_1_191' title='bbox 931 2493 995 2564; x_wconf 80' lang='grc' dir='ltr'><em>καί]</em></span> <span class='ocrx_word' id='word_1_192' title='bbox 1021 2491 1092 2548; x_wconf 74' lang='grc' dir='ltr'><em>καθ’</em></span> <span class='ocrx_word' id='word_1_193' title='bbox 1116 2492 1149 2549; x_wconf 76' lang='grc' dir='ltr'><strong>ὃν</strong></span> <span class='ocrx_word' id='word_1_194' title='bbox 1175 2500 1208 2552; x_wconf 89' lang='lat' dir='ltr'><strong>F.</strong></span> 
     </span>
     <span class='ocr_line' id='line_1_22' title="bbox 176 2559 1210 2636; baseline -0.004 -14"><span class='ocrx_word' id='word_1_195' title='bbox 176 2567 194 2622; x_wconf 87' lang='grc'><strong>6</strong></span> <span class='ocrx_word' id='word_1_196' title='bbox 211 2565 321 2618; x_wconf 79' lang='grc' dir='ltr'><em>ἵσταται</em></span> <span class='ocrx_word' id='word_1_197' title='bbox 338 2563 389 2628; x_wconf 75' lang='grc' dir='ltr'><strong>ἕως</strong></span> <span class='ocrx_word' id='word_1_198' title='bbox 405 2563 492 2634; x_wconf 81' lang='grc' dir='ltr'><em>ἡμῶν.</em></span> <span class='ocrx_word' id='word_1_199' title='bbox 520 2560 550 2620; x_wconf 78' lang='grc' dir='ltr'><strong>όν</strong></span> <span class='ocrx_word' id='word_1_200' title='bbox 568 2563 641 2634; x_wconf 71' lang='lat' dir='ltr'><strong>odio</strong></span> <span class='ocrx_word' id='word_1_201' title='bbox 659 2560 709 2636; x_wconf 74' lang='grc' dir='ltr'><strong>(ἐν</strong></span> <span class='ocrx_word' id='word_1_202' title='bbox 727 2559 758 2618; x_wconf 80' lang='grc' dir='ltr'><strong>δ’</strong></span> <span class='ocrx_word' id='word_1_203' title='bbox 776 2560 847 2636; x_wconf 83' lang='grc' dir='ltr'><em>λόγῳ</em></span> <span class='ocrx_word' id='word_1_204' title='bbox 866 2566 1028 2633; x_wconf 82' lang='lat' dir='ltr'><strong>Combefis.)</strong></span> <span class='ocrx_word' id='word_1_205' title='bbox 1045 2561 1210 2631; x_wconf 80' lang='grc' dir='ltr'><em>Μάρκελλος</em></span> 
     </span>
     <span class='ocr_line' id='line_1_23' title="bbox 174 2630 1211 2706; baseline 0.001 -20"><span class='ocrx_word' id='word_1_206' title='bbox 174 2631 354 2704; x_wconf 80' lang='grc' dir='ltr'><em>ἀναγνώστης</em></span> <span class='ocrx_word' id='word_1_207' title='bbox 375 2635 461 2703; x_wconf 81' lang='grc' dir='ltr'><em>φησίν</em></span> <span class='ocrx_word' id='word_1_208' title='bbox 483 2631 527 2688; x_wconf 80' lang='grc' dir='ltr'><strong>ὅτι</strong></span> <span class='ocrx_word' id='word_1_209' title='bbox 544 2630 574 2688; x_wconf 77' lang='grc' dir='ltr'><strong>ἐν</strong></span> <span class='ocrx_word' id='word_1_210' title='bbox 591 2638 632 2706; x_wconf 74' lang='grc' dir='ltr'><strong>τῷ</strong></span> <span class='ocrx_word' id='word_1_211' title='bbox 648 2630 769 2702; x_wconf 78' lang='grc' dir='ltr'><em>δευτέρῳ</em></span> <span class='ocrx_word' id='word_1_212' title='bbox 788 2631 842 2688; x_wconf 75' lang='grc' dir='ltr'><em>ἔτει</em></span> <span class='ocrx_word' id='word_1_213' title='bbox 858 2636 908 2701; x_wconf 78' lang='grc' dir='ltr'><strong>τῆς</strong></span> <span class='ocrx_word' id='word_1_214' title='bbox 926 2635 1064 2706; x_wconf 85' lang='grc' dir='ltr'><em>βασιλείας</em></span> <span class='ocrx_word' id='word_1_215' title='bbox 1079 2633 1211 2697; x_wconf 82' lang='grc' dir='ltr'><em>Κόνωνος</em></span> 
     </span>
     <span class='ocr_line' id='line_1_24' title="bbox 175 2700 1210 2774; baseline 0.002 -18"><span class='ocrx_word' id='word_1_216' title='bbox 175 2705 227 2756; x_wconf 79' lang='grc' dir='ltr'><strong>τοῦ</strong></span> <span class='ocrx_word' id='word_1_217' title='bbox 240 2701 368 2770; x_wconf 83' lang='grc' dir='ltr'><em>Ἰσαόρου</em></span> <span class='ocrx_word' id='word_1_218' title='bbox 385 2707 480 2757; x_wconf 84' lang='grc' dir='ltr'><em>πίπτει</em></span> <span class='ocrx_word' id='word_1_219' title='bbox 498 2702 512 2757; x_wconf 86' lang='grc' dir='ltr'>ὁ</span> <span class='ocrx_word' id='word_1_220' title='bbox 531 2700 607 2766; x_wconf 74' lang='grc' dir='ltr'><em>ναός.</em></span> <span class='ocrx_word' id='word_1_221' title='bbox 625 2709 659 2759; x_wconf 89' lang='lat' dir='ltr'><strong>F.</strong></span> <span class='ocrx_word' id='word_1_222' title='bbox 751 2704 767 2760; x_wconf 84' lang='grc'><strong>7</strong></span> <span class='ocrx_word' id='word_1_223' title='bbox 785 2723 812 2774; x_wconf 91' lang='lat' dir='ltr'><strong>p.</strong></span> <span class='ocrx_word' id='word_1_224' title='bbox 830 2704 865 2757; x_wconf 76' lang='lat'><strong>32</strong></span> <span class='ocrx_word' id='word_1_225' title='bbox 881 2706 965 2757; x_wconf 81' lang='lat' dir='ltr'><strong>Bend.</strong></span> <span class='ocrx_word' id='word_1_226' title='bbox 1051 2705 1069 2758; x_wconf 90' lang='grc'>8</span> <span class='ocrx_word' id='word_1_227' title='bbox 1086 2701 1210 2758; x_wconf 84' lang='grc' dir='ltr'><em>παλαιάν</em></span> 
     </span>
     <span class='ocr_line' id='line_1_25' title="bbox 176 2766 1211 2842; baseline 0 -16"><span class='ocrx_word' id='word_1_228' title='bbox 176 2769 209 2826; x_wconf 82' lang='grc' dir='ltr'><strong>τό</strong></span> <span class='ocrx_word' id='word_1_229' title='bbox 226 2777 424 2841; x_wconf 84' lang='grc' dir='ltr'><em>πατριαρχεῐον</em></span> <span class='ocrx_word' id='word_1_230' title='bbox 439 2772 487 2825; x_wconf 81' lang='grc' dir='ltr'><em>κοιλ</em></span> <span class='ocrx_word' id='word_1_231' title='bbox 506 2775 539 2828; x_wconf 89' lang='lat' dir='ltr'><strong>C.</strong></span> <span class='ocrx_word' id='word_1_232' title='bbox 616 2773 633 2826; x_wconf 88' lang='grc'>9</span> <span class='ocrx_word' id='word_1_233' title='bbox 651 2766 837 2840; x_wconf 80' lang='grc' dir='ltr'><em>ἕπτάσκυιλον]</em></span> <span class='ocrx_word' id='word_1_234' title='bbox 857 2774 1039 2840; x_wconf 77' lang='grc' dir='ltr'><em>πλησίοντοόυ</em></span> <span class='ocrx_word' id='word_1_235' title='bbox 1051 2771 1211 2842; x_wconf 79' lang='grc' dir='ltr'><em>οἰκημάτων</em></span> 
     </span>
     <span class='ocr_line' id='line_1_26' title="bbox 176 2838 1209 2910; baseline 0.001 -17"><span class='ocrx_word' id='word_1_236' title='bbox 176 2843 229 2893; x_wconf 80' lang='grc' dir='ltr'><strong>τοῦ</strong></span> <span class='ocrx_word' id='word_1_237' title='bbox 243 2838 363 2910; x_wconf 86' lang='grc' dir='ltr'><em>μεγάλου</em></span> <span class='ocrx_word' id='word_1_238' title='bbox 379 2845 591 2896; x_wconf 81' lang='grc' dir='ltr'><em>Κωνσταυιίυου</em></span> <span class='ocrx_word' id='word_1_239' title='bbox 611 2843 643 2894; x_wconf 88' lang='lat' dir='ltr'><strong>C.</strong></span> <span class='ocrx_word' id='word_1_240' title='bbox 767 2845 799 2898; x_wconf 94' lang='lat' dir='ltr'><strong>ll</strong></span> <span class='ocrx_word' id='word_1_241' title='bbox 816 2844 950 2910; x_wconf 83' lang='grc' dir='ltr'><em>μνημεῖα]</em></span> <span class='ocrx_word' id='word_1_242' title='bbox 968 2840 1157 2910; x_wconf 75' lang='grc' dir='ltr'><em>μνημοθὲσιου</em></span> <span class='ocrx_word' id='word_1_243' title='bbox 1176 2845 1209 2896; x_wconf 86' lang='lat' dir='ltr'><strong>C.</strong></span> 
     </span>
     <span class='ocr_line' id='line_1_27' title="bbox 180 2905 1210 2980; baseline 0.001 -17"><span class='ocrx_word' id='word_1_244' title='bbox 180 2912 215 2964; x_wconf 83' lang='lat'><strong>13</strong></span> <span class='ocrx_word' id='word_1_245' title='bbox 232 2930 259 2980; x_wconf 91' lang='lat' dir='ltr'><strong>p.</strong></span> <span class='ocrx_word' id='word_1_246' title='bbox 278 2913 313 2962; x_wconf 74' lang='lat'><strong>54</strong></span> <span class='ocrx_word' id='word_1_247' title='bbox 330 2912 415 2964; x_wconf 88' lang='lat' dir='ltr'><strong>Bond.</strong></span> <span class='ocrx_word' id='word_1_248' title='bbox 513 2913 579 2980; x_wconf 77' lang='grc' dir='ltr'><strong>τῆς]</strong></span> <span class='ocrx_word' id='word_1_249' title='bbox 597 2907 649 2980; x_wconf 82' lang='grc' dir='ltr'><strong>τήν</strong></span> <span class='ocrx_word' id='word_1_250' title='bbox 667 2913 701 2966; x_wconf 83' lang='lat' dir='ltr'><strong>C.</strong></span> <span class='ocrx_word' id='word_1_251' title='bbox 798 2909 847 2964; x_wconf 82' lang='grc' dir='ltr'><strong>καλ</strong></span> <span class='ocrx_word' id='word_1_252' title='bbox 863 2905 917 2980; x_wconf 80' lang='grc' dir='ltr'><strong>τά]</strong></span> <span class='ocrx_word' id='word_1_253' title='bbox 934 2911 983 2964; x_wconf 82' lang='grc' dir='ltr'><strong>καὶ</strong></span> <span class='ocrx_word' id='word_1_254' title='bbox 999 2908 1051 2978; x_wconf 86' lang='grc' dir='ltr'><strong>τὴν</strong></span> <span class='ocrx_word' id='word_1_255' title='bbox 1068 2909 1157 2978; x_wconf 86' lang='grc' dir='ltr'><em>μονὴν</em></span> <span class='ocrx_word' id='word_1_256' title='bbox 1173 2908 1210 2964; x_wconf 82' lang='grc' dir='ltr'><strong>τοὶ</strong></span> 
     </span>
     <span class='ocr_line' id='line_1_28' title="bbox 178 2976 1208 3052; baseline 0.003 -20"><span class='ocrx_word' id='word_1_257' title='bbox 178 2980 248 3049; x_wconf 83' lang='lat' dir='ltr'><strong>Reg.</strong></span> <span class='ocrx_word' id='word_1_258' title='bbox 377 2982 410 3033; x_wconf 80' lang='lat'><strong>15</strong></span> <span class='ocrx_word' id='word_1_259' title='bbox 427 2979 551 3048; x_wconf 77' lang='grc' dir='ltr'><em>ηαμαθοί</em></span> <span class='ocrx_word' id='word_1_260' title='bbox 569 2983 601 3040; x_wconf 81' lang='lat'><strong>0.</strong></span> <span class='ocrx_word' id='word_1_261' title='bbox 730 2979 766 3037; x_wconf 80' lang='lat'><strong>17</strong></span> <span class='ocrx_word' id='word_1_262' title='bbox 781 2976 914 3050; x_wconf 82' lang='grc' dir='ltr'><em>σάμψυγοι</em></span> <span class='ocrx_word' id='word_1_263' title='bbox 930 2976 1047 3044; x_wconf 81' lang='grc' dir='ltr'><em>κόστοος</em></span> <span class='ocrx_word' id='word_1_264' title='bbox 1062 2979 1110 3034; x_wconf 82' lang='grc' dir='ltr'><em>κοιλ</em></span> <span class='ocrx_word' id='word_1_265' title='bbox 1128 2981 1154 3052; x_wconf 84' lang='grc' dir='ltr'><strong>β.</strong></span> <span class='ocrx_word' id='word_1_266' title='bbox 1175 2982 1208 3035; x_wconf 87' lang='lat' dir='ltr'><strong>C.</strong></span> 
     </span>
     <span class='ocr_line' id='line_1_29' title="bbox 178 3043 515 3104; baseline -0.006 0"><span class='ocrx_word' id='word_1_267' title='bbox 178 3049 214 3104; x_wconf 84' lang='lat'><strong>19</strong></span> <span class='ocrx_word' id='word_1_268' title='bbox 228 3043 436 3102; x_wconf 82' lang='grc' dir='ltr'><em>ἀππλικεόσασοι</em></span> <span class='ocrx_word' id='word_1_269' title='bbox 452 3049 515 3102; x_wconf 82' lang='lat' dir='ltr'><strong>Vut.</strong></span> 
     </span>
    </p>
   </div>
   <div class='ocr_carea' id='block_1_4' title="bbox 60 3185 1213 4354">
    <p class='ocr_par' dir='ltr' id='par_1_4' title="bbox 60 3185 1210 3466">
     <span class='ocr_line' id='line_1_30' title="bbox 60 3185 1210 3259; baseline 0.002 -17"><span class='ocrx_word' id='word_1_270' title='bbox 60 3185 61 3188; x_wconf 51' lang='lat'>&#39;</span> <span class='ocrx_word' id='word_1_271' title='bbox 108 3193 202 3243; x_wconf 74' lang='lat' dir='ltr'><strong>auteur</strong></span> <span class='ocrx_word' id='word_1_272' title='bbox 215 3204 297 3253; x_wconf 81' lang='lat' dir='ltr'><strong>enno,</strong></span> <span class='ocrx_word' id='word_1_273' title='bbox 314 3190 459 3258; x_wconf 84' lang='lat' dir='ltr'><strong>postquam</strong></span> <span class='ocrx_word' id='word_1_274' title='bbox 471 3188 520 3241; x_wconf 92' lang='lat' dir='ltr'><strong>hoc</strong></span> <span class='ocrx_word' id='word_1_275' title='bbox 535 3189 658 3258; x_wconf 89' lang='lat' dir='ltr'><strong>templum</strong></span> <span class='ocrx_word' id='word_1_276' title='bbox 676 3191 709 3243; x_wconf 83' lang='lat' dir='ltr'><strong>ab</strong></span> <span class='ocrx_word' id='word_1_277' title='bbox 726 3189 832 3244; x_wconf 73' lang='lat' dir='ltr'><strong>Arianis</strong></span> <span class='ocrx_word' id='word_1_278' title='bbox 852 3190 1016 3242; x_wconf 79' lang='lat' dir='ltr'><strong>aedificatum</strong></span> <span class='ocrx_word' id='word_1_279' title='bbox 1034 3193 1062 3242; x_wconf 92' lang='lat' dir='ltr'><strong>et</strong></span> <span class='ocrx_word' id='word_1_280' title='bbox 1079 3190 1210 3259; x_wconf 85' lang='lat' dir='ltr'><strong>possideri</strong></span> 
     </span>
     <span class='ocr_line' id='line_1_31' title="bbox 109 3259 1210 3330; baseline 0.001 -18"><span class='ocrx_word' id='word_1_281' title='bbox 109 3267 231 3330; x_wconf 85' lang='lat' dir='ltr'><strong>coeptum</strong></span> <span class='ocrx_word' id='word_1_282' title='bbox 249 3261 352 3324; x_wconf 82' lang='lat' dir='ltr'><strong>fueret,</strong></span> <span class='ocrx_word' id='word_1_283' title='bbox 368 3259 486 3324; x_wconf 86' lang='lat' dir='ltr'><strong>corruit,</strong></span> <span class='ocrx_word' id='word_1_284' title='bbox 503 3259 562 3310; x_wconf 92' lang='lat' dir='ltr'><strong>dum</strong></span> <span class='ocrx_word' id='word_1_285' title='bbox 579 3277 654 3312; x_wconf 81' lang='lat' dir='ltr'><strong>secra</strong></span> <span class='ocrx_word' id='word_1_286' title='bbox 670 3261 750 3326; x_wconf 86' lang='lat' dir='ltr'><strong>fiunt,</strong></span> <span class='ocrx_word' id='word_1_287' title='bbox 768 3261 943 3328; x_wconf 92' lang='lat' dir='ltr'><strong>plurimosque</strong></span> <span class='ocrx_word' id='word_1_288' title='bbox 955 3261 1056 3311; x_wconf 91' lang='lat' dir='ltr'><strong>illorum</strong></span> <span class='ocrx_word' id='word_1_289' title='bbox 1069 3261 1210 3328; x_wconf 88' lang='lat' dir='ltr'><strong>oppressit.</strong></span> 
     </span>
     <span class='ocr_line' id='line_1_32' title="bbox 109 3327 1209 3400; baseline 0.001 -19"><span class='ocrx_word' id='word_1_290' title='bbox 109 3339 228 3398; x_wconf 88' lang='lat' dir='ltr'><strong>tempore</strong></span> <span class='ocrx_word' id='word_1_291' title='bbox 253 3335 339 3380; x_wconf 82' lang='lat' dir='ltr'><strong>autem</strong></span> <span class='ocrx_word' id='word_1_292' title='bbox 361 3327 502 3380; x_wconf 82' lang='lat' dir='ltr'><strong>Iustiniani</strong></span> <span class='ocrx_word' id='word_1_293' title='bbox 525 3329 613 3396; x_wconf 84' lang='lat' dir='ltr'><strong>magni</strong></span> <span class='ocrx_word' id='word_1_294' title='bbox 635 3329 720 3382; x_wconf 89' lang='lat' dir='ltr'><strong>denuo</strong></span> <span class='ocrx_word' id='word_1_295' title='bbox 743 3330 867 3400; x_wconf 86' lang='lat' dir='ltr'><strong>templum</strong></span> <span class='ocrx_word' id='word_1_296' title='bbox 887 3329 954 3382; x_wconf 91' lang='lat' dir='ltr'><strong>illud</strong></span> <span class='ocrx_word' id='word_1_297' title='bbox 970 3337 1131 3382; x_wconf 84' lang='lat' dir='ltr'><strong>exstructum</strong></span> <span class='ocrx_word' id='word_1_298' title='bbox 1149 3331 1209 3395; x_wconf 84' lang='lat' dir='ltr'><strong>luit,</strong></span> 
     </span>
     <span class='ocr_line' id='line_1_33' title="bbox 111 3397 579 3466; baseline -0.006 -14"><span class='ocrx_word' id='word_1_299' title='bbox 111 3409 138 3452; x_wconf 83' lang='lat' dir='ltr'><strong>et</strong></span> <span class='ocrx_word' id='word_1_300' title='bbox 155 3400 290 3466; x_wconf 84' lang='lat' dir='ltr'><strong>hucusque</strong></span> <span class='ocrx_word' id='word_1_301' title='bbox 307 3397 407 3449; x_wconf 85' lang='lat' dir='ltr'><strong>salvum</strong></span> <span class='ocrx_word' id='word_1_302' title='bbox 424 3398 579 3466; x_wconf 77' lang='lat' dir='ltr'><strong>permansit.</strong></span> 
     </span>
    </p>

    <p class='ocr_par' dir='ltr' id='par_1_5' title="bbox 110 3466 1213 3883">
     <span class='ocr_line' id='line_1_34' title="bbox 215 3466 1210 3536; baseline 0.002 -18"><span class='ocrx_word' id='word_1_303' title='bbox 215 3467 404 3518; x_wconf 79' lang='lat' dir='ltr'>Constantinus</span> <span class='ocrx_word' id='word_1_304' title='bbox 435 3484 543 3535; x_wconf 85' lang='lat' dir='ltr'><strong>mugnus</strong></span> <span class='ocrx_word' id='word_1_305' title='bbox 576 3466 725 3519; x_wconf 78' lang='lat' dir='ltr'><strong>aedificavit</strong></span> <span class='ocrx_word' id='word_1_306' title='bbox 753 3468 887 3520; x_wconf 82' lang='lat' dir='ltr'><strong>ecclesium</strong></span> <span class='ocrx_word' id='word_1_307' title='bbox 913 3473 1026 3520; x_wconf 84' lang='lat' dir='ltr'><strong>veterem</strong></span> <span class='ocrx_word' id='word_1_308' title='bbox 1051 3468 1082 3520; x_wconf 81' lang='lat' dir='ltr'><strong>S.</strong></span> <span class='ocrx_word' id='word_1_309' title='bbox 1105 3467 1210 3536; x_wconf 79' lang='lat' dir='ltr'>Irenae,</span> 
     </span>
     <span class='ocr_line' id='line_1_35' title="bbox 110 3535 1211 3608; baseline 0 -18"><span class='ocrx_word' id='word_1_310' title='bbox 110 3545 139 3590; x_wconf 89' lang='lat' dir='ltr'><strong>et</strong></span> <span class='ocrx_word' id='word_1_311' title='bbox 160 3538 282 3605; x_wconf 86' lang='lat' dir='ltr'><strong>templum</strong></span> <span class='ocrx_word' id='word_1_312' title='bbox 305 3537 335 3587; x_wconf 85' lang='lat' dir='ltr'><strong>S.</strong></span> <span class='ocrx_word' id='word_1_313' title='bbox 354 3535 471 3608; x_wconf 81' lang='lat' dir='ltr'><strong>Sophiae</strong></span> <span class='ocrx_word' id='word_1_314' title='bbox 489 3539 643 3604; x_wconf 82' lang='lat' dir='ltr'><strong>oblongum,</strong></span> <span class='ocrx_word' id='word_1_315' title='bbox 669 3543 697 3588; x_wconf 88' lang='lat' dir='ltr'><strong>et</strong></span> <span class='ocrx_word' id='word_1_316' title='bbox 714 3536 744 3588; x_wconf 84' lang='lat' dir='ltr'><strong>S.</strong></span> <span class='ocrx_word' id='word_1_317' title='bbox 762 3537 967 3606; x_wconf 81' lang='lat' dir='ltr'><strong>Agathonicum,</strong></span> <span class='ocrx_word' id='word_1_318' title='bbox 992 3547 1020 3589; x_wconf 90' lang='lat' dir='ltr'><strong>et</strong></span> <span class='ocrx_word' id='word_1_319' title='bbox 1038 3537 1069 3589; x_wconf 83' lang='lat' dir='ltr'><strong>S.</strong></span> <span class='ocrx_word' id='word_1_320' title='bbox 1087 3537 1211 3590; x_wconf 83' lang='lat' dir='ltr'><strong>Acacium</strong></span> 
     </span>
     <span class='ocr_line' id='line_1_36' title="bbox 111 3605 1210 3676; baseline -0.001 -17"><span class='ocrx_word' id='word_1_321' title='bbox 111 3606 318 3676; x_wconf 83' lang='lat' dir='ltr'><strong>cognominatum</strong></span> <span class='ocrx_word' id='word_1_322' title='bbox 347 3606 533 3675; x_wconf 82' lang='lat' dir='ltr'><strong>Heptescalum</strong></span> <span class='ocrx_word' id='word_1_323' title='bbox 562 3605 619 3658; x_wconf 88' lang='lat' dir='ltr'><strong>sive</strong></span> <span class='ocrx_word' id='word_1_324' title='bbox 649 3605 683 3657; x_wconf 82' lang='lat' dir='ltr'><strong>ad</strong></span> <span class='ocrx_word' id='word_1_325' title='bbox 712 3612 811 3674; x_wconf 84' lang='lat' dir='ltr'><strong>septem</strong></span> <span class='ocrx_word' id='word_1_326' title='bbox 839 3607 944 3676; x_wconf 81' lang='lat' dir='ltr'><strong>gradus.</strong></span> <span class='ocrx_word' id='word_1_327' title='bbox 997 3607 1117 3676; x_wconf 82' lang='lat' dir='ltr'><strong>tempium</strong></span> <span class='ocrx_word' id='word_1_328' title='bbox 1146 3624 1210 3660; x_wconf 83' lang='lat' dir='ltr'><strong>vero</strong></span> 
     </span>
     <span class='ocr_line' id='line_1_37' title="bbox 111 3676 1212 3746; baseline 0.001 -18"><span class='ocrx_word' id='word_1_329' title='bbox 111 3677 164 3730; x_wconf 87' lang='lat' dir='ltr'><strong>SS.</strong></span> <span class='ocrx_word' id='word_1_330' title='bbox 188 3676 370 3746; x_wconf 83' lang='lat' dir='ltr'><strong>Apostolorum</strong></span> <span class='ocrx_word' id='word_1_331' title='bbox 396 3691 446 3726; x_wconf 88' lang='lat' dir='ltr'><strong>una</strong></span> <span class='ocrx_word' id='word_1_332' title='bbox 469 3693 525 3728; x_wconf 92' lang='lat' dir='ltr'><strong>cum</strong></span> <span class='ocrx_word' id='word_1_333' title='bbox 548 3677 607 3744; x_wconf 86' lang='lat' dir='ltr'><strong>ipso</strong></span> <span class='ocrx_word' id='word_1_334' title='bbox 625 3681 708 3727; x_wconf 87' lang='lat' dir='ltr'><strong>muter</strong></span> <span class='ocrx_word' id='word_1_335' title='bbox 725 3677 780 3727; x_wconf 88' lang='lat' dir='ltr'><strong>eius</strong></span> <span class='ocrx_word' id='word_1_336' title='bbox 798 3676 899 3728; x_wconf 86' lang='lat' dir='ltr'><strong>exstrui</strong></span> <span class='ocrx_word' id='word_1_337' title='bbox 916 3676 1035 3742; x_wconf 82' lang='lat' dir='ltr'><strong>curavit,</strong></span> <span class='ocrx_word' id='word_1_338' title='bbox 1063 3677 1146 3729; x_wconf 83' lang='lat' dir='ltr'><strong>forma</strong></span> <span class='ocrx_word' id='word_1_339' title='bbox 1163 3679 1212 3729; x_wconf 91' lang='lat' dir='ltr'><strong>ob-</strong></span> 
     </span>
     <span class='ocr_line' id='line_1_38' title="bbox 110 3744 1213 3816; baseline 0 -18"><span class='ocrx_word' id='word_1_340' title='bbox 110 3748 189 3814; x_wconf 79' lang='lat' dir='ltr'><strong>longo</strong></span> <span class='ocrx_word' id='word_1_341' title='bbox 208 3755 236 3797; x_wconf 88' lang='lat' dir='ltr'><strong>et</strong></span> <span class='ocrx_word' id='word_1_342' title='bbox 252 3751 323 3796; x_wconf 90' lang='lat' dir='ltr'><strong>tecto</strong></span> <span class='ocrx_word' id='word_1_343' title='bbox 341 3745 427 3813; x_wconf 81' lang='lat' dir='ltr'><strong>ligneo</strong></span> <span class='ocrx_word' id='word_1_344' title='bbox 445 3755 573 3815; x_wconf 89' lang='lat' dir='ltr'><strong>opertum.</strong></span> <span class='ocrx_word' id='word_1_345' title='bbox 608 3744 670 3796; x_wconf 89' lang='lat' dir='ltr'><strong>item</strong></span> <span class='ocrx_word' id='word_1_346' title='bbox 688 3755 852 3798; x_wconf 82' lang='lat' dir='ltr'><strong>monumenta</strong></span> <span class='ocrx_word' id='word_1_347' title='bbox 869 3745 1067 3813; x_wconf 79' lang='lat' dir='ltr'><strong>imperatorum,</strong></span> <span class='ocrx_word' id='word_1_348' title='bbox 1093 3747 1121 3798; x_wconf 93' lang='lat' dir='ltr'><strong>in</strong></span> <span class='ocrx_word' id='word_1_349' title='bbox 1146 3763 1213 3816; x_wconf 90' lang='lat' dir='ltr'><strong>quo-</strong></span> 
     </span>
     <span class='ocr_line' id='line_1_39' title="bbox 110 3815 696 3883; baseline -0.003 -15"><span class='ocrx_word' id='word_1_350' title='bbox 110 3831 168 3868; x_wconf 86' lang='lat' dir='ltr'><strong>rum</strong></span> <span class='ocrx_word' id='word_1_351' title='bbox 186 3831 238 3867; x_wconf 94' lang='lat' dir='ltr'><strong>uno</strong></span> <span class='ocrx_word' id='word_1_352' title='bbox 256 3815 314 3883; x_wconf 90' lang='lat' dir='ltr'><strong>ipse</strong></span> <span class='ocrx_word' id='word_1_353' title='bbox 331 3831 388 3866; x_wconf 93' lang='lat' dir='ltr'><strong>cum</strong></span> <span class='ocrx_word' id='word_1_354' title='bbox 407 3821 488 3865; x_wconf 83' lang='lat' dir='ltr'><strong>matre</strong></span> <span class='ocrx_word' id='word_1_355' title='bbox 507 3815 625 3867; x_wconf 82' lang='lat' dir='ltr'><strong>conditus</strong></span> <span class='ocrx_word' id='word_1_356' title='bbox 643 3819 696 3866; x_wconf 87' lang='lat' dir='ltr'><strong>est.</strong></span> 
     </span>
    </p>

    <p class='ocr_par' dir='ltr' id='par_1_6' title="bbox 109 3882 1213 4354">
     <span class='ocr_line' id='line_1_40' title="bbox 215 3882 1212 3947; baseline -0.003 -12"><span class='ocrx_word' id='word_1_357' title='bbox 215 3883 407 3935; x_wconf 85' lang='lat' dir='ltr'><strong>Monasterium</strong></span> <span class='ocrx_word' id='word_1_358' title='bbox 431 3884 565 3936; x_wconf 81' lang='lat' dir='ltr'><strong>Bethleem</strong></span> <span class='ocrx_word' id='word_1_359' title='bbox 591 3882 710 3936; x_wconf 82' lang='lat' dir='ltr'><strong>condidit</strong></span> <span class='ocrx_word' id='word_1_360' title='bbox 735 3883 764 3934; x_wconf 83' lang='lat' dir='ltr'><strong>S.</strong></span> <span class='ocrx_word' id='word_1_361' title='bbox 788 3882 905 3947; x_wconf 80' lang='lat' dir='ltr'><strong>Helene;</strong></span> <span class='ocrx_word' id='word_1_362' title='bbox 933 3883 996 3936; x_wconf 88' lang='lat' dir='ltr'><strong>item</strong></span> <span class='ocrx_word' id='word_1_363' title='bbox 1019 3883 1090 3937; x_wconf 82' lang='lat' dir='ltr'><strong>uliud</strong></span> <span class='ocrx_word' id='word_1_364' title='bbox 1111 3899 1212 3936; x_wconf 93' lang='lat' dir='ltr'><strong>nuncu-</strong></span> 
     </span>
     <span class='ocr_line' id='line_1_41' title="bbox 109 3951 1213 4023; baseline -0.004 -17"><span class='ocrx_word' id='word_1_365' title='bbox 109 3962 200 4023; x_wconf 85' lang='lat' dir='ltr'><strong>patum</strong></span> <span class='ocrx_word' id='word_1_366' title='bbox 234 3954 354 4005; x_wconf 84' lang='lat' dir='ltr'><strong>Gestrie.</strong></span> <span class='ocrx_word' id='word_1_367' title='bbox 389 3969 468 4004; x_wconf 81' lang='lat' dir='ltr'><strong>ceusu</strong></span> <span class='ocrx_word' id='word_1_368' title='bbox 500 3962 585 4005; x_wconf 83' lang='lat' dir='ltr'><strong>autem</strong></span> <span class='ocrx_word' id='word_1_369' title='bbox 614 3953 669 4005; x_wconf 88' lang='lat' dir='ltr'><strong>eius</strong></span> <span class='ocrx_word' id='word_1_370' title='bbox 694 3952 911 4004; x_wconf 79' lang='lat' dir='ltr'><strong>denominationis</strong></span> <span class='ocrx_word' id='word_1_371' title='bbox 935 3953 1000 4005; x_wconf 85' lang='lat' dir='ltr'><strong>haee</strong></span> <span class='ocrx_word' id='word_1_372' title='bbox 1024 3961 1074 4006; x_wconf 88' lang='lat' dir='ltr'><strong>est.</strong></span> <span class='ocrx_word' id='word_1_373' title='bbox 1110 3951 1213 4003; x_wconf 79' lang='lat' dir='ltr'><strong>Helene</strong></span> 
     </span>
     <span class='ocr_line' id='line_1_42' title="bbox 111 4021 1212 4090; baseline -0.003 -16"><span class='ocrx_word' id='word_1_374' title='bbox 111 4022 280 4076; x_wconf 77' lang='lat' dir='ltr'><strong>Constantini</strong></span> <span class='ocrx_word' id='word_1_375' title='bbox 298 4031 382 4074; x_wconf 86' lang='lat' dir='ltr'><strong>mater</strong></span> <span class='ocrx_word' id='word_1_376' title='bbox 397 4039 496 4074; x_wconf 83' lang='lat' dir='ltr'><strong>sacram</strong></span> <span class='ocrx_word' id='word_1_377' title='bbox 514 4023 615 4074; x_wconf 87' lang='lat' dir='ltr'><strong>Christi</strong></span> <span class='ocrx_word' id='word_1_378' title='bbox 633 4039 735 4074; x_wconf 90' lang='lat' dir='ltr'><strong>crucem</strong></span> <span class='ocrx_word' id='word_1_379' title='bbox 752 4021 943 4090; x_wconf 86' lang='lat' dir='ltr'><strong>Hierosolymis</strong></span> <span class='ocrx_word' id='word_1_380' title='bbox 961 4023 1075 4076; x_wconf 83' lang='lat' dir='ltr'><strong>offerens</strong></span> <span class='ocrx_word' id='word_1_381' title='bbox 1091 4022 1212 4086; x_wconf 83' lang='lat' dir='ltr'><strong>ingressa</strong></span> 
     </span>
     <span class='ocr_line' id='line_1_43' title="bbox 111 4091 1213 4162; baseline -0.003 -18"><span class='ocrx_word' id='word_1_382' title='bbox 111 4099 155 4144; x_wconf 88' lang='lat' dir='ltr'><strong>est</strong></span> <span class='ocrx_word' id='word_1_383' title='bbox 179 4091 280 4161; x_wconf 85' lang='lat' dir='ltr'><strong>Cpolim</strong></span> <span class='ocrx_word' id='word_1_384' title='bbox 303 4109 352 4160; x_wconf 91' lang='lat' dir='ltr'><strong>per</strong></span> <span class='ocrx_word' id='word_1_385' title='bbox 375 4101 476 4160; x_wconf 86' lang='lat' dir='ltr'><strong>portam</strong></span> <span class='ocrx_word' id='word_1_386' title='bbox 499 4109 566 4161; x_wconf 82' lang='lat' dir='ltr'><strong>quoe</strong></span> <span class='ocrx_word' id='word_1_387' title='bbox 589 4099 700 4144; x_wconf 85' lang='lat' dir='ltr'><strong>vocetur</strong></span> <span class='ocrx_word' id='word_1_388' title='bbox 722 4092 844 4158; x_wconf 87' lang='lat' dir='ltr'><strong>littorea,</strong></span> <span class='ocrx_word' id='word_1_389' title='bbox 870 4098 897 4144; x_wconf 89' lang='lat' dir='ltr'><strong>et</strong></span> <span class='ocrx_word' id='word_1_390' title='bbox 919 4109 987 4162; x_wconf 83' lang='lat' dir='ltr'><strong>quoe</strong></span> <span class='ocrx_word' id='word_1_391' title='bbox 1010 4108 1089 4159; x_wconf 82' lang='lat' dir='ltr'><strong>supra</strong></span> <span class='ocrx_word' id='word_1_392' title='bbox 1110 4103 1213 4140; x_wconf 83' lang='lat' dir='ltr'><strong>crucem</strong></span> 
     </span>
     <span class='ocr_line' id='line_1_44' title="bbox 110 4156 1212 4230; baseline -0.005 -17"><span class='ocrx_word' id='word_1_393' title='bbox 110 4167 221 4230; x_wconf 84' lang='lat' dir='ltr'><strong>repertu</strong></span> <span class='ocrx_word' id='word_1_394' title='bbox 244 4167 334 4228; x_wconf 86' lang='lat' dir='ltr'><strong>erunt,</strong></span> <span class='ocrx_word' id='word_1_395' title='bbox 358 4161 414 4212; x_wconf 85' lang='lat' dir='ltr'><strong>lilia</strong></span> <span class='ocrx_word' id='word_1_396' title='bbox 437 4160 527 4229; x_wconf 81' lang='lat' dir='ltr'><strong>phylls</strong></span> <span class='ocrx_word' id='word_1_397' title='bbox 550 4162 658 4214; x_wconf 83' lang='lat' dir='ltr'><strong>basilica</strong></span> <span class='ocrx_word' id='word_1_398' title='bbox 678 4161 900 4230; x_wconf 83' lang='lat' dir='ltr'><strong>triacontaphylle</strong></span> <span class='ocrx_word' id='word_1_399' title='bbox 917 4161 1071 4229; x_wconf 78' lang='lat' dir='ltr'><strong>sampsucho</strong></span> <span class='ocrx_word' id='word_1_400' title='bbox 1088 4156 1212 4224; x_wconf 79' lang='lat' dir='ltr'><strong>balsama,</strong></span> 
     </span>
     <span class='ocr_line' id='line_1_45' title="bbox 110 4224 1210 4300; baseline -0.007 -17"><span class='ocrx_word' id='word_1_401' title='bbox 110 4247 145 4283; x_wconf 87' lang='lat' dir='ltr'><strong>ee</strong></span> <span class='ocrx_word' id='word_1_402' title='bbox 171 4229 270 4294; x_wconf 82' lang='lat' dir='ltr'><strong>omniu,</strong></span> <span class='ocrx_word' id='word_1_403' title='bbox 296 4247 348 4298; x_wconf 91' lang='lat' dir='ltr'><strong>quo</strong></span> <span class='ocrx_word' id='word_1_404' title='bbox 373 4238 605 4298; x_wconf 85' lang='lat' dir='ltr'><strong>conservarentur,</strong></span> <span class='ocrx_word' id='word_1_405' title='bbox 630 4231 659 4282; x_wconf 93' lang='lat' dir='ltr'><strong>in</strong></span> <span class='ocrx_word' id='word_1_406' title='bbox 683 4231 754 4293; x_wconf 70' lang='lat' dir='ltr'><strong>uasis</strong></span> <span class='ocrx_word' id='word_1_407' title='bbox 778 4231 912 4300; x_wconf 80' lang='lat' dir='ltr'><strong>plantavit</strong></span> <span class='ocrx_word' id='word_1_408' title='bbox 929 4239 1010 4297; x_wconf 82' lang='lat' dir='ltr'><strong>atque</strong></span> <span class='ocrx_word' id='word_1_409' title='bbox 1027 4225 1063 4277; x_wconf 90' lang='lat' dir='ltr'><strong>ibi</strong></span> <span class='ocrx_word' id='word_1_410' title='bbox 1080 4224 1210 4293; x_wconf 85' lang='lat' dir='ltr'><strong>deposuit,</strong></span> 
     </span>
     <span class='ocr_line' id='line_1_46' title="bbox 111 4298 974 4354; baseline -0.005 -2"><span class='ocrx_word' id='word_1_411' title='bbox 111 4307 139 4354; x_wconf 89' lang='lat' dir='ltr'><strong>et</strong></span> <span class='ocrx_word' id='word_1_412' title='bbox 156 4299 342 4354; x_wconf 80' lang='lat' dir='ltr'><strong>monesterium</strong></span> <span class='ocrx_word' id='word_1_413' title='bbox 359 4300 387 4352; x_wconf 92' lang='lat' dir='ltr'><strong>in</strong></span> <span class='ocrx_word' id='word_1_414' title='bbox 404 4301 494 4354; x_wconf 90' lang='lat' dir='ltr'><strong>eodem</strong></span> <span class='ocrx_word' id='word_1_415' title='bbox 511 4301 567 4354; x_wconf 89' lang='lat' dir='ltr'><strong>loco</strong></span> <span class='ocrx_word' id='word_1_416' title='bbox 586 4301 690 4354; x_wconf 88' lang='lat' dir='ltr'><strong>nomine</strong></span> <span class='ocrx_word' id='word_1_417' title='bbox 708 4301 816 4354; x_wconf 82' lang='lat' dir='ltr'><strong>Gustria</strong></span> <span class='ocrx_word' id='word_1_418' title='bbox 833 4298 974 4353; x_wconf 83' lang='lat' dir='ltr'><strong>exstruxit.</strong></span> 
     </span>
    </p>
   </div>
   <div class='ocr_carea' id='block_1_5' title="bbox 0 0 1411 4636">
    <p class='ocr_par' dir='ltr' id='par_1_7' title="bbox 0 0 1411 4636">
     <span class='ocr_line' id='line_1_47' title="bbox 0 0 1411 4636; baseline 0 0"><span class='ocrx_word' id='word_1_419' title='bbox 0 0 1411 4636; x_wconf 95' lang='lat' dir='ltr'><strong> </strong></span> 
     </span>
    </p>
   </div>
  </div>
 </body>
</html>
