2802 4636
187 282 238 353 64
522 277 742 346 GEORGIUS
769 278 956 348 CODINUS

148 470 299 548 Οπάντες
320 468 406 554 παρὰ
428 473 485 534 τοῦ
509 464 642 554 μεγάλοα
666 467 899 534 Κωνσταντίνοο
924 462 1161 551 ἔστηλοίθησαν,
1188 471 1244 549 οὓς
1266 475 1294 538 οἱ

179 575 328 666 Ἀρειανολ
345 574 393 638 ἐπὶ
413 570 584 649 Οὐάλεντος
600 577 656 638 rori
673 568 853 658 παρανόμου
870 571 1046 654 κατέχωσαν
1062 574 1166 640 ε’κεῖσε.

285 679 337 742 Ἐν
363 677 396 741 δὲ
420 682 465 764 τῷ
490 673 605 764 σενάτῳ
630 676 825 758 ἀνετέθησαν
848 677 877 741 οἳ
900 671 1014 758 ἡνίοχοι
1033 678 1217 756 ζιοξίππων,
1243 683 1293 744 καλ

185 784 336 866 ἐτέθησαν
361 781 392 844 ἓν
415 786 460 867 τῷ
484 780 694 867 ἀστρονομικῷ
713 777 850 866 ὀργάνῳ,
877 771 914 844 οὗ
931 781 983 843 καλ
1001 779 1033 844 αἱ
1050 782 1294 868 τήςἈρτέμιιλος

185 890 236 954 καλ
260 892 315 970 τῆς
336 883 518 971 Ἀφροιλίτης
541 890 650 966 στῆλαι
666 886 791 948 λ’σταντο
808 885 860 947 καὶ
877 881 1042 960 σκυτάλαις
1058 884 1315 973 ἀπεκεφαλίσθηὸ

184 990 270 1078 παρὰ
290 995 351 1055 τῶν
363 987 523 1074 ’Λριιανῶν
537 984 695 1074 Ἀρκάδιος
713 984 925 1074 ἀρχιδιάκονος
941 993 996 1070 τῆς
1013 983 1101 1071 ἁγίας
1118 989 1292 1076 Εὐφημίας.

185 1097 218 1161 αἱ
243 1095 277 1159 δὲ
302 1099 452 1179 καροῦχαι
474 1098 536 1158 τῶν
556 1092 779 1178 ἀναιρεθέντων
796 1088 925 1174 ἡνιόχων
942 1089 1185 1176 κατεχάσίλησαν
1202 1095 1234 1158 ἓν
1251 1100 1293 1184 τῷ

185 1195 324 1283 εἰλήματι
341 1203 395 1261 τοῦ
414 1196 616 1281 ἱπποδρομίαν
633 1194 718 1280 παρὰ
739 1195 905 1260 Θεοδοσίου
923 1201 978 1258 τοῦ
993 1192 1139 1280 μεγάλου.

290 1300 330 1366 Oi
354 1300 387 1364 ιλὲ
412 1298 452 1382 ιβ’
475 1298 595 1387 κόφινοι
618 1306 679 1364 τῶν
699 1296 947 1386 πιρισσενμάτων
964 1297 1111 1385 πρότερον
1127 1301 1184 1381 μέν
1201 1302 1233 1366 ἓν
1249 1307 1291 1388 τῷ

182 1407 321 1491 παλατίῳ
339 1407 395 1469 τοῦ
412 1403 539 1470 σενάτοο
557 1403 745 1482 κατέκειντο,
773 1399 836 1468 εἶτα
853 1403 884 1468 ἓν
902 1408 944 1492 τῷ
962 1399 1101 1486 είλήματι
1118 1411 1173 1470 τοῦ
1190 1402 1289 1492 φόρον
1297 1414 1327 1466 10

182 1505 433 1594 κατεχάσθησον.

140 1623 167 1678 Ι)
282 1613 334 1677 Ἐν
362 1613 395 1675 δὲ
420 1617 459 1698 τῇ
485 1606 602 1695 μεγάλῃ
630 1609 772 1698 ἐκκλησίᾳ
796 1615 833 1696 τῇ
858 1605 929 1700 tyla
952 1611 1072 1700 Σοφίιγ,
1100 1611 1233 1698 δρομικῇ
1256 1611 1289 1676 τὸ

181 1714 330 1805 πρότερον
355 1713 448 1802 οίίση,
475 1717 518 1790 εἷς
540 1717 692 1782 εἰδωλεΐον
715 1711 860 1798 τελούσῃ,
886 1711 1080 1799 τετρακόσιοι
1103 1714 1195 1779 εἴκοσι
1213 1712 1289 1778 ἑπτὰ

181 1827 291 1904 στῆλαι
311 1821 435 1886 ἵσταντο
443 1867 453 1898 ,
480 1817 518 1894 ἃς
534 1815 550 1882 ὃ
568 1817 663 1902 μέγας
679 1816 823 1899 βασιλεὺς
836 1816 1048 1894 Ἰοοστινιανός
1064 1817 1096 1880 έν
1112 1825 1156 1906 τῷ
1171 1819 1290 1901 μέλλειν

180 1927 281 1993 κτίσαι
298 1921 544 1989 sandaracato
561 1921 701 2009 ἀφείλετο
721 1923 770 1984 καὶ
788 1922 979 2006 ιλιιμερίοατο
997 1927 1036 2008 τῇ
1051 1919 1147 1986 πόλει.
1200 1921 1230 1986 oi
1255 1923 1288 1987 δὲ
1296 1933 1325 1986 15

180 2028 392 2112 πεπειραμένοι
415 2034 477 2092 τῶν
492 2025 718 2113 προειρημένων
734 2023 789 2108 τήν
807 2021 894 2090 πόλιν
910 2022 1137 2109 περιερχόμενοι
1154 2025 1209 2090 οὐκ
1226 2025 1289 2092 ὀλί-

179 2157 237 2217 γας
261 2130 450 2221 εὓρήσοοσιν.
501 2131 533 2195 αἶ
557 2132 690 2206 πλείονες
715 2129 748 2194 dd
770 2125 908 2218 ὕπήρχον
928 2121 1097 2213 Ἑλλήνων,
1120 2125 1162 2206 ὡς
1185 2130 1288 2218 προεί-

249 2325 268 2380 3
293 2345 320 2396 p.
339 2323 374 2377 14
391 2327 419 2376 et
435 2322 470 2378 8³
491 2321 576 2374 Baud.
714 2317 826 2389 ἡνίοχοι
850 2312 882 2374 έν
906 2320 1066 2388 ζενξίπποις
1090 2317 1119 2378 έν
1142 2324 1184 2394 τῷ
1208 2320 1287 2395 άστρ.

249 2389 375 2462 άργάνω,
401 2387 473 2444 ἔνθα
498 2392 548 2458 τῆς
568 2383 721 2457 Ἀρτέμιδος
744 2389 793 2442 καλ
815 2390 866 2456 τῆς
884 2385 1045 2461 Ἀφροδίτης
1063 2393 1170 2447 ἵσταται
1186 2391 1286 2480 στήλη,

252 2461 283 2518 έν
308 2459 354 2524 αἶς
374 2457 524 2520 σκυτάλαις
542 2454 754 2528 άπεκεφαλίσθη
771 2453 828 2512 sind
844 2456 987 2522 Ἆρειανοῖν
1001 2457 1143 2528 scusatos
1159 2458 1287 2532 άρχιδια-

249 2551 333 2593 πονος
349 2531 398 2600 τῆς
415 2525 496 2596 siplae
509 2525 646 2596 Εἰρήνης,
665 2529 769 2582 omissis
787 2529 912 2598 reliquis,
931 2533 964 2584 C.
990 2533 1015 2584 F
1031 2551 1096 2586 vero
1114 2534 1212 2586 additis
1230 2535 1287 2586 his:

250 2600 324 2657 ἔνθα
343 2596 393 2653 καὶ
409 2595 518 2666 λέγουσι
534 2599 661 2651 σείεσθαι
678 2592 729 2659 τάς
746 2594 847 2664 στήλας
865 2595 917 2659 ἔοις
933 2595 1044 2671 ἡμερῶν
1060 2603 1144 2666 τριῶν
1162 2604 1213 2654 τοῦ
1230 2606 1287 2655 θα-

250 2667 339 2725 νάτοσ
355 2666 467 2721 τούτου.
607 2667 624 2722 9
647 2685 675 2737 p.
692 2671 727 2723 14
744 2674 772 2720 et
787 2667 823 2722 83
841 2669 924 2722 Band.
1063 2667 1116 2740 ιβ’]
1139 2667 1209 2724 δέκα
1228 2673 1285 2725 CF.

249 2735 401 2864 titt&
419 2731 555 2858 titi?
568 2737 651 2875 daila
668 2737 918 2868 ,a‘tttttt
936 2739 972 2860 d·
1068 2735 1287 2865 ¹⁰1ihidsi⁸ii

249 2882 375 2948 σθησαν,
394 2825 608 2944 Μητροφίίνοος
624 2871 775 2930 ἐπισκόπου
793 2875 1112 2940 Κωνσταντινονπόλτως
1124 2880 1208 2931 τοῦτο
1219 2831 1286 2946 odop-

251 2944 452 3022 βοολεάσαντορ
467 2947 508 3018 τῷ
523 2941 631 3011 μεγάλῳ
650 2944 760 3015 βασιλεῖ
773 2946 985 3016 Κωνσταντίνςο.
1003 2950 1037 3002 F.
1152 2950 1186 3000 12
1207 2969 1233 3019 p.
1253 2949 1287 3003 14

250 3028 279 3072 et
295 3020 331 3074 84
349 3016 431 3069 Band.
512 3013 632 3083 δρομικῇ
648 3045 682 3054 -
698 3009 812 3084 τελούσῃ
830 3033 870 3067 om
884 3016 916 3070 0.
1000 3019 1033 3071 14
1050 3009 1085 3078 ἃς
1100 3047 1135 3058 -
1153 3017 1188 3072 17
1204 3012 1286 3086 εὑρή-

250 3087 359 3172 σουσιν]
376 3085 443 3136 haec
458 3089 519 3152 post
538 3103 564 3153 p.
582 3083 616 3137 65
633 3101 662 3135 v.
682 3084 716 3137 13
733 3081 969 3151 προσενέγκαντος
986 3088 1044 3140 CF.
1157 3086 1190 3140 17
1209 3080 1286 3154 tasp-

250 3154 327 3210 νικαλ
344 3155 486 3221 οπήρχον,
504 3151 539 3202 αἵ
553 3168 624 3213 τινες
640 3145 671 3204 ἐκ
687 3151 743 3204 τῶν
758 3154 867 3204 πολλῶν
882 3151 1026 3226 ὑπῆρχον,
1042 3155 1094 3208 τοῦ
1109 3173 1139 3210 τε
1153 3150 1224 3220 Διὸς
1236 3153 1286 3210 καλ

249 3221 350 3295 Κάρον
366 3223 418 3277 τοῦ
433 3215 540 3290 πατρὸς
554 3219 603 3273 κοιλ
618 3221 823 3289 Διοκλητιανοῦ
839 3223 896 3280 CF.

179 3399 243 3448 tuae
268 3411 285 3447 a
310 3393 484 3447 Constantino
507 3409 601 3461 magno
624 3399 730 3445 erectae
750 3398 841 3460 erant,
866 3409 932 3464 quas
949 3395 998 3450 sub
1017 3395 1131 3450 Valente
1146 3395 1287 3450 haeretico

179 3464 273 3518 Ariani
288 3463 317 3516 in
334 3481 365 3516 eo
382 3465 439 3516 loco
457 3471 528 3516 terra
546 3466 700 3516 obruerunt.

283 3534 315 3586 In
332 3541 426 3586 senatu
443 3539 548 3586 statuae
566 3532 713 3601 aurigarum
731 3531 884 3586 circensium
901 3532 1004 3603 positae
1021 3539 1113 3604 erant,
1138 3535 1166 3586 in
1184 3552 1287 3605 organo

179 3602 280 3657 scilicet
305 3603 494 3668 astronomico,
525 3603 571 3654 abi
594 3603 672 3654 etiam
694 3602 797 3654 Dianae
816 3610 844 3654 et
861 3603 973 3656 Veneris
990 3610 1093 3657 statuae
1110 3611 1189 3658 erant
1205 3606 1289 3657 collo-

178 3680 264 3726 catae.
298 3673 396 3726 ibidem
411 3672 540 3724 Arcadius
557 3671 756 3724 archidiaconus
774 3673 959 3726 alteratas
976 3673 1083 3728 Arianis
1101 3675 1203 3726 occisus
1221 3675 1287 3728 fait.

178 3749 309 3795 caeterum
339 3758 430 3794 currus
459 3751 650 3812 peremptorum
679 3743 829 3810 aurigarum
856 3745 905 3796 sub
932 3745 1038 3812 porticu
1063 3744 1242 3815 Hippodromi
1268 3762 1286 3797 a

177 3811 329 3865 Theodosio
348 3812 508 3880 imperatore
526 3811 642 3882 depositi
658 3813 774 3864 suerunt.

278 3881 421 3934 Duodecim
444 3881 541 3933 corbes
561 3879 734 3950 reliquiarum
759 3881 868 3953 primum
892 3882 996 3951 quidem
1013 3881 1041 3934 in
1059 3881 1157 3951 palatio
1174 3885 1287 3935 senatus

176 3950 299 4005 collocati
317 3957 407 4018 erant,
432 3956 526 4018 postea
545 3967 609 4003 vero
627 3952 655 4002 in
673 3950 801 4019 porticum
818 3950 869 4004 fori
884 3951 1041 4020 transpositi
1059 3952 1176 4004 suerunt.

277 4021 309 4072 In
326 4019 437 4074 ecclesia
454 4035 548 4088 magna
565 4020 596 4073 S.
613 4019 742 4089 Sophiae,
770 4037 838 4088 quae
854 4021 927 4090 prius
943 4023 1029 4074 forma
1046 4021 1159 4090 oblonga
1175 4023 1234 4072 erat
1253 4026 1287 4073 et

174 4085 300 4143 idolorum
319 4090 399 4142 cultui
417 4089 568 4154 serviebat,
591 4091 700 4142 stabant
716 4089 768 4144 427
784 4095 903 4155 statuae,
928 4106 994 4158 quas
1010 4107 1120 4158 magnus
1137 4091 1288 4158 imperator
1384 4127 1385 4142 ι

173 4153 349 4227 lastinianus,
375 4159 499 4227 templum
522 4158 588 4210 illud
610 4158 698 4210 divino
721 4158 803 4210 cultui
822 4159 1021 4226 aedificaturus,
1045 4159 1109 4212 inde
1127 4159 1237 4212 abstulit
1254 4163 1287 4212 et
1384 4157 1385 4204 ἐ

174 4241 223 4292 per
248 4231 339 4283 urbem
364 4227 510 4282 distribuit.
543 4226 634 4279 harum
658 4245 709 4280 non
732 4243 831 4297 paucas
856 4228 929 4280 docti
953 4230 1043 4280 urbem
1068 4229 1285 4296 perambulantes

173 4293 320 4354 maenium.
354 4299 541 4354 maiorautem
558 4312 647 4350 enum
664 4313 741 4367 pers,
764 4301 893 4368 utsupra
910 4297 1007 4352 dictum
1023 4304 1078 4364 est,
1098 4305 1176 4352 erant
1193 4297 1286 4368 genti·
1384 4303 1385 4318 ¹
