2808 4616
159 271 234 344 loo
495 263 712 336 GEORGIUS
739 261 927 332 conlisus

262 459 325 526 Τὸν
350 454 435 544 ἀγιον
462 454 620 545 Τρύφωνα
644 455 698 522 τὸν
722 457 764 530 είς
785 452 825 517 τά
841 445 1002 534 Εύβούλου
1016 447 1266 525 Ἰαυοτινιανὸςὸ

158 569 251 656 μίγας
275 561 429 650 ἀνήγειρε,
453 560 508 626 τὸν
532 561 567 626 ἀὲ
589 563 631 637 εἰς
645 559 686 625 τά
703 557 891 622 Βασιλίσκου
904 554 1066 630 ’locotione
1081 553 1133 617 καὶ
1151 554 1239 641 Σοφί
1259 599 1271 616 .

263 667 313 734 To
344 667 378 732 os
409 664 595 732 Βαοιλίσκοο
626 659 707 738 οἶκος
735 651 773 744 ήν
802 658 991 724 Βασιλίοκου
1012 657 1183 743 ,πατρικίου
1213 659 1269 720 καὶ

160 772 379 864 ύρουγγαρίοο,
405 765 488 848 ὅστις
513 762 699 850 βασιλεύσας
724 765 862 846 ἐποίησεν
888 761 982 827 osiris
1009 760 1136 847 τερπνὸν
1161 757 1268 825 πολύ-

118 886 144 940 D
160 903 241 958 τιον,
273 866 366 964 ούπερ
396 874 430 938 ἐκ
458 877 512 938 τού
538 869 653 959 χρόνου
685 867 910 956 ἀφανισθέντος
939 861 956 930 ὃ
985 861 1078 941 τύπος
1108 861 1296 952 περισύζει5

160 981 261 1068 ἀκμήν
284 978 342 1063 τήν
365 976 545 1060 ἐπωνυμίαν.

263 1082 314 1148 To
340 1079 456 1146 παλαιά
481 1073 616 1144 παλύτια
637 1080 699 1140 τῶν
716 1077 841 1160 Σοφιολν
858 1072 1035 1158 Μαυρίκιος
1051 1067 1203 1156 ἀνήγειρεν
1221 1072 1265 1146 εἰς

159 1189 193 1254 τὸ
220 1185 316 1270 ὄνομα
336 1183 537 1260 Ἀνασταοίας
559 1186 615 1262 τῆς
638 1183 791 1265 πενθερᾶς
814 1176 925 1255 αὐτοῦ,
950 1173 1092 1260 γυναικὸς
1109 1175 1267 1260 Τιβερίου.

158 1291 236 1376 μετά
262 1291 296 1357 ts
323 1289 416 1354 ιίκοσι
441 1289 492 1352 καὶ
516 1283 596 1352 ὀκτὼ
620 1281 672 1367 ίτη
693 1278 891 1368 Ἡράκλειος,
917 1278 976 1368 πρὸ
1003 1285 1060 1343 τού
1082 1283 1266 1360 βασιλεύσοι

159 1391 268 1474 αύτύν,
309 1393 365 1476 τήν
395 1391 549 1457 κατοικίαν
580 1389 672 1452 ἐκεῖσε
701 1387 845 1451 ἐποιεῖτο·
883 1381 962 1449 πάνο
992 1381 1052 1469 γάρ
1083 1383 1178 1469 ἐφίλει
1207 1380 1264 1464 τήν
1272 1397 1308 1451 10

159 1494 302 1582 τοιαύτην
326 1495 489 1560 κατοικίαν.
541 1491 657 1578 λέγεται
681 1490 715 1554 δέ
737 1485 783 1554 ὅτι
808 1490 859 1554 καί
882 1489 975 1554 ἐκεῖσε
993 1484 1200 1574 ἀπεκαλύφθη
1218 1483 1265 1551 ὅτι

158 1603 261 1687 μίλλει
282 1604 443 1688 κρατήσαι.

263 1703 312 1768 To
335 1699 436 1768 ἐπάνοι
453 1703 508 1765 τού
525 1698 643 1780 τείχους
659 1690 794 1760 παλύτια
809 1699 866 1760 τού
882 1694 1106 1770 Βουκολέοντος
1122 1689 1139 1758 ὁ
1156 1692 1265 1780 μικρὸς

159 1805 296 1894 ἀνήγειρε
315 1802 490 1880 Θεοδόσιος.
540 1797 557 1866 ὅ
583 1801 617 1866 δέ
638 1797 850 1875 Ἰουστινιανὸς
866 1794 1003 1886 ἀνήγειρε
1020 1799 1187 1884 τρίκλινον,
1213 1799 1266 1862 καὶ

160 1917 296 1977 καλεΐτοι
319 1914 362 1986 εἰς
384 1908 419 1975 τὸ
442 1905 540 1988 ὄνομα
563 1905 669 1970 αὐτοῦ.
720 1893 809 1980 ούτος
826 1903 947 1986 ἐποίησε
964 1903 1014 1968 καὶ
1030 1900 1083 1968 τάν
1096 1901 1263 1990 χρυσοτρί-
1271 1912 1307 1966 15

159 2021 260 2082 κλινον
278 2015 329 2080 καὶ
345 2012 398 2080 τὸν
414 2004 609 2077 Λαοσιακύν.

74 2127 144 2182 sal
267 2117 317 2183 Τά
346 2117 379 2182 δέ
404 2111 538 2180 παλύτια
561 2119 616 2179 τοῦ
640 2110 763 2177 ἱππικοῦ
785 2111 836 2176 καί
859 2115 914 2175 τού
931 2108 1121 2195 κοιαίστορος
1136 2104 1153 2172 ὅ
1170 2107 1266 2194 μίγας

160 2220 296 2306 ἀνήγειρε
315 2221 554 2292 Κωνσταντῖνος.

259 2319 307 2386 Ἥ
326 2321 361 2386 os
377 2315 492 2408 Δάφνη
509 2312 626 2400 ἐκλήθη
644 2314 696 2379 διά
712 2315 747 2381 τὸ
761 2317 913 2382 ἵστασθαι
931 2315 1022 2404 ἐντῷ
1039 2311 1120 2404 τύπῳ
1136 2311 1264 2398 στήλην,

228 2549 373 2619 θείνοσι]
398 2542 442 2620 κβ
465 2540 585 2634 ηρύνους
605 2543 673 2615 Beg.
813 2545 848 2598 12
870 2543 1017 2612 κρατήσαι.
1046 2536 1115 2612 possi
1137 2541 1205 2612 γούν
1226 2539 1261 2598 τύ

230 2620 389 2692 βασιλεύσειε
411 2611 502 2670 αύτον
524 2611 651 2683 [orionus
674 2607 708 2667 τύ
732 2608 820 2668 αύτού
841 2607 932 2682 ὄνομα
954 2611 1003 2666 καλ
1024 2613 1076 2666 τοῦ
1091 2607 1157 2666 olori
1174 2607 1264 2666 αὐτοῦ

226 2685 268 2751 είς
283 2682 319 2742 τά
337 2686 422 2756 τείχη.
443 2685 510 2756 Reg·
578 2686 613 2740 13
624 2701 652 2755 p.
663 2683 681 2738 9
693 2683 776 2737 Band.
846 2682 880 2737 14
894 2683 969 2754 prius
983 2677 1129 2751 ἀνήγειρε]
1147 2681 1263 2748 παρεξί-

228 2757 296 2830 βαλε
320 2755 413 2826 CReg.
540 2755 574 2808 15
597 2769 724 2822 γρουοτρ.
749 2751 801 2806 τού
823 2750 944 2820 μεγάλου
965 2752 1103 2806 παλατίου
1127 2749 1175 2805 καὶ
1199 2753 1263 2806 Vat.

230 2827 278 2914 17Ι
291 2823 414 2880 παλάτια
437 2822 613 2891 κοιαίστορος
636 2823 687 2910 τού
711 2817 828 2908 incoepti
853 2823 892 2908 (λη
979 2887 987 2908 v
1016 2821 1059 2910 ⁸19
1103 2858 1110 2874 .
1134 2823 1152 2877 9
1176 2823 1262 2910 Beni.

227 2889 771 3034 12i²itiitt⁰²ntf⁰⁰ilititiii
787 2909 856 3022 lii
867 2893 1025 3026 iiiiii
1040 2891 1265 3031 ίήίίάᾧιήῖῗί

228 3029 361 3104 ἄρχοντες
377 3029 534 3103 ἐλάμβανον
551 3025 624 3086 κατά
640 3025 693 3086 τάν
707 3025 885 3100 Ἰανοοοίριον
899 3029 985 3099 μῆνα.
1004 3031 1027 3084 c
1044 3039 1074 3085 et
1089 3031 1158 3100 Reg.

261 3233 398 3305 Templum
415 3234 446 3290 S.
462 3233 629 3305 Tryphonis,
648 3235 720 3306 quod
755 3253 820 3306 rope
837 3233 937 3290 Eubuli
954 3241 1011 3304 est,
1028 3237 1191 3290 lastinianus
1208 3251 1264 3288 nua-

191 3319 224 3358 us
247 3303 412 3357 aedificavit:
434 3305 545 3358 alterum
566 3321 648 3371 vero,
672 3323 725 3375 quo
768 3312 810 3360 est
830 3305 859 3358 in
881 3305 939 3359 loco
963 3312 1113 3377 nuncupato
1132 3305 1261 3371 Basilisci,

154 3321 273 3426 listina·
293 3381 321 3427 et
340 3373 442 3444 Sophia
458 3373 642 3428 condiderunt.

259 3443 291 3496 lu
309 3443 366 3495 loco
383 3449 479 3496 vocato
497 3442 619 3496 Basilisci
636 3444 726 3496 domus
744 3449 803 3496 erat
819 3442 942 3497 Basilisci
958 3444 1065 3514 patricii
1076 3449 1105 3497 et
1116 3443 1263 3512 drungarii,

155 3510 361 3636 qgfflpffl
376 3513 476 3582 potitus
495 3512 523 3635 ἰρ
541 3513 746 3634 smoetnisstimum
762 3513 887 3584 palatium
904 3514 1028 3580 mutavit3
1056 3530 1108 3583 quo
1126 3518 1263 3568 vetustate

154 3599 206 3634 εο
285 3598 348 3635 ocus
366 3599 397 3635 αο
434 3599 685 3636 οαιοοοιοτοιπε.

258 3599 543 3720 Δαλὶοααωμολετὶαοι
560 3651 720 3722 sophianam
736 3651 883 3705 Mauricius
899 3650 1050 3705 aedificavit
1067 3651 1173 3706 nomine
1189 3651 1262 3704 Ana-

154 3717 255 3774 stasius
280 3721 372 3774 uxoris
423 3721 516 3790 sberii,
540 3737 632 3774 socrus
655 3737 729 3774 suae.
782 3727 825 3779 ost
848 3737 931 3774 ennos
955 3728 1042 3775 eutem
1060 3722 1095 3777 82
1111 3721 1263 3788 Heraclius,

155 3796 296 3912 antpquam
314 3790 469 3913 ἰραρετετολ,
486 3791 525 3845 ibi
541 3790 686 3844 habitavits
704 3789 838 3860 plurumum
857 3790 924 3842 enim
939 3789 983 3842 illo
996 3791 1053 3844 loco
1066 3791 1263 3854 delectabatun

153 3865 183 3911 et
210 3859 344 3912 ernstii

255 3928 387 3983 Palatium
430 3930 480 3983 uod
506 3938 547 3982 est
569 3945 650 3998 supro
673 3945 772 3982 murum
796 3935 824 3980 et
848 3937 959 3982 vocatur
974 3930 1147 3997 Bucoleonis,
1174 3928 1263 3982 iunior

153 3995 322 4052 Theodosius
346 3999 480 4054 eonudits
507 3998 669 4051 lastinianus
687 4005 774 4052 sutem
794 3997 950 4052 Triclinium
968 4001 1114 4066 exstruxit,
1137 3997 1208 4070 quod
1225 3999 1261 4052 ab

151 4081 184 4116 eo
201 4083 295 4122 nornen
310 4069 399 4123 habet.
434 4067 498 4120 item
516 4066 668 4122 aedificavit
685 4066 838 4122 Triclinium
855 4083 962 4121 aureum
979 4075 1007 4122 et
1023 4069 1189 4124 Leusiacurn.

152 4199 171 4253 fi
205 4203 244 4257 m
255 4139 359 4192 Palatia
386 4135 559 4207 Hippodromi
587 4144 616 4190 et
644 4136 804 4203 Quaesieris
832 4137 1024 4192 Constantinus
1049 4155 1155 4210 magnus
1185 4136 1261 4191 aedi-

172 4215 204 4254 ca
247 4243 253 4259 .

255 4273 414 4332 Suburbium
431 4274 543 4346 Dsphne
561 4273 599 4328 sic
615 4273 712 4330 diotun
728 4283 784 4345 est,
802 4275 872 4345 quod
888 4279 978 4330 statua
993 4275 1030 4331 ibi
1046 4277 1176 4332 collocuta
1191 4280 1264 4332 esset
1382 4252 1386 4267 ¹

363 3877 402 3913 em
419 3860 445 3913 ei
461 3861 606 3914 revelatum
621 3861 704 3913 fuisse
720 3862 778 3912 fore
796 3866 826 3912 ut
842 3859 982 3930 aliquando
994 3859 1103 3930 imperio
1115 3867 1262 3931 praeesset.
