<?xml version="1.0" encoding="UTF-8"?>
<!DOCTYPE html PUBLIC "-//W3C//DTD XHTML 1.0 Transitional//EN"
    "http://www.w3.org/TR/xhtml1/DTD/xhtml1-transitional.dtd">
<html xmlns="http://www.w3.org/1999/xhtml" xml:lang="en" lang="en">
 <head>
  <title>
</title>
<meta http-equiv="Content-Type" content="text/html;charset=utf-8" />
  <meta name='ocr-system' content='tesseract 3.04.00' />
  <meta name='ocr-capabilities' content='ocr_page ocr_carea ocr_par ocr_line ocrx_word'/>
</head>
<body>
  <div class='ocr_page' id='page_1' title='image "./excerptadeantiq00codigoog_0050.png"; bbox 0 0 2802 4636; ppageno 0'>
   <div class='ocr_carea' id='block_1_1' title="bbox 518 231 1225 310">
    <p class='ocr_par' dir='ltr' id='par_1_1' title="bbox 518 231 1225 310">
     <span class='ocr_line' id='line_1_1' title="bbox 518 231 1225 310; baseline 0.003 -12"><span class='ocrx_word' id='word_1_1' title='bbox 518 232 577 298; x_wconf 87' lang='lat' dir='ltr'><strong><em>DE</em></strong></span> <span class='ocrx_word' id='word_1_2' title='bbox 602 231 741 300; x_wconf 84' lang='lat' dir='ltr'><strong>SIGNlS</strong></span> <span class='ocrx_word' id='word_1_3' title='bbox 768 233 830 300; x_wconf 88' lang='lat' dir='ltr'><strong><em>GP.</em></strong></span> <span class='ocrx_word' id='word_1_4' title='bbox 1174 239 1225 310; x_wconf 72' lang='lat'><strong><em>33</em></strong></span> 
     </span>
    </p>
   </div>
   <div class='ocr_carea' id='block_1_2' title="bbox 67 413 1261 2056">
    <p class='ocr_par' dir='ltr' id='par_1_2' title="bbox 113 413 1261 821">
     <span class='ocr_line' id='line_1_2' title="bbox 224 413 1261 510; baseline 0.004 -26"><span class='ocrx_word' id='word_1_5' title='bbox 224 413 293 484; x_wconf 80' lang='grc' dir='ltr'><strong><em>Δώο</em></strong></span> <span class='ocrx_word' id='word_1_6' title='bbox 316 415 430 498; x_wconf 82' lang='grc' dir='ltr'><strong><em>στῆλαί</em></strong></span> <span class='ocrx_word' id='word_1_7' title='bbox 448 418 507 483; x_wconf 74' lang='grc' dir='ltr'><strong><em>εἰσι</em></strong></span> <span class='ocrx_word' id='word_1_8' title='bbox 523 425 579 503; x_wconf 76' lang='grc' dir='ltr'><strong><em>τῆς</em></strong></span> <span class='ocrx_word' id='word_1_9' title='bbox 595 421 748 507; x_wconf 83' lang='grc' dir='ltr'><strong><em>Βηρίνης,</em></strong></span> <span class='ocrx_word' id='word_1_10' title='bbox 772 423 830 504; x_wconf 92' lang='grc' dir='ltr'><strong><em>μία</em></strong></span> <span class='ocrx_word' id='word_1_11' title='bbox 845 423 901 504; x_wconf 73' lang='grc' dir='ltr'><strong><em>μὲν</em></strong></span> <span class='ocrx_word' id='word_1_12' title='bbox 917 420 1079 509; x_wconf 83' lang='grc' dir='ltr'><strong><em>νοτιωτίρα</em></strong></span> <span class='ocrx_word' id='word_1_13' title='bbox 1096 426 1223 510; x_wconf 89' lang='grc' dir='ltr'><strong><em>πλησίον</em></strong></span> <span class='ocrx_word' id='word_1_14' title='bbox 1237 434 1261 488; x_wconf 90' lang='grc' dir='ltr'><strong>Β</strong></span> 
     </span>
     <span class='ocr_line' id='line_1_3' title="bbox 114 516 1223 610; baseline 0.008 -22"><span class='ocrx_word' id='word_1_15' title='bbox 114 528 178 589; x_wconf 76' lang='grc' dir='ltr'><strong><em>τοῦ</em></strong></span> <span class='ocrx_word' id='word_1_16' title='bbox 204 518 290 607; x_wconf 76' lang='grc' dir='ltr'><strong><em>δγίου</em></strong></span> <span class='ocrx_word' id='word_1_17' title='bbox 315 516 473 608; x_wconf 79' lang='grc' dir='ltr'><strong><em>μάρτυρος</em></strong></span> <span class='ocrx_word' id='word_1_18' title='bbox 495 522 714 607; x_wconf 70' lang='lat' dir='ltr'><strong><em>³Ayul&#39;rovluov,</em></strong></span> <span class='ocrx_word' id='word_1_19' title='bbox 738 525 818 608; x_wconf 77' lang='grc' dir='ltr'><strong><em>μετὰ</em></strong></span> <span class='ocrx_word' id='word_1_20' title='bbox 843 526 898 610; x_wconf 80' lang='grc' dir='ltr'><strong><em>τὴν</em></strong></span> <span class='ocrx_word' id='word_1_21' title='bbox 922 524 1034 592; x_wconf 77' lang='grc' dir='ltr'><strong><em>ἄνοδον</em></strong></span> <span class='ocrx_word' id='word_1_22' title='bbox 1051 533 1112 594; x_wconf 85' lang='grc' dir='ltr'><strong><em>τών</em></strong></span> <span class='ocrx_word' id='word_1_23' title='bbox 1130 530 1223 598; x_wconf 71' lang='lat' dir='ltr'><strong>darios</strong></span> 
     </span>
     <span class='ocr_line' id='line_1_4' title="bbox 113 621 1223 728; baseline 0.005 -36"><span class='ocrx_word' id='word_1_24' title='bbox 113 627 304 728; x_wconf 79' lang='grc' dir='ltr'><strong><em>βαθμίδωη,</em></strong></span> <span class='ocrx_word' id='word_1_25' title='bbox 340 621 430 711; x_wconf 78' lang='grc' dir='ltr'><strong><em>ἓτίρα</em></strong></span> <span class='ocrx_word' id='word_1_26' title='bbox 457 625 491 690; x_wconf 80' lang='grc' dir='ltr'><strong><em>δὲ</em></strong></span> <span class='ocrx_word' id='word_1_27' title='bbox 516 624 658 714; x_wconf 73' lang='grc' dir='ltr'><strong><em>ἄντικρυς</em></strong></span> <span class='ocrx_word' id='word_1_28' title='bbox 684 625 797 708; x_wconf 76' lang='lat' dir='ltr'><strong>adseri,</strong></span> <span class='ocrx_word' id='word_1_29' title='bbox 831 631 959 714; x_wconf 82' lang='grc' dir='ltr'><strong><em>πλησίον</em></strong></span> <span class='ocrx_word' id='word_1_30' title='bbox 984 635 1040 695; x_wconf 79' lang='grc' dir='ltr'><strong><em>τοῦ</em></strong></span> <span class='ocrx_word' id='word_1_31' title='bbox 1066 638 1143 698; x_wconf 85' lang='grc' dir='ltr'><strong><em>ναοῦ</em></strong></span> <span class='ocrx_word' id='word_1_32' title='bbox 1168 639 1223 718; x_wconf 81' lang='grc' dir='ltr'><strong><em>τῆς</em></strong></span> 
     </span>
     <span class='ocr_line' id='line_1_5' title="bbox 116 723 1224 821; baseline 0.007 -27"><span class='ocrx_word' id='word_1_33' title='bbox 116 726 211 815; x_wconf 82' lang='grc' dir='ltr'><strong><em>ἁγίας</em></strong></span> <span class='ocrx_word' id='word_1_34' title='bbox 239 723 424 815; x_wconf 86' lang='grc' dir='ltr'><strong><em>Βαρβώρας.</em></strong></span> <span class='ocrx_word' id='word_1_35' title='bbox 474 731 525 794; x_wconf 80' lang='grc' dir='ltr'><strong><em>καὶ</em></strong></span> <span class='ocrx_word' id='word_1_36' title='bbox 555 726 576 814; x_wconf 77' lang='grc' dir='ltr'><strong><em>ἦ</em></strong></span> <span class='ocrx_word' id='word_1_37' title='bbox 605 731 661 812; x_wconf 78' lang='grc' dir='ltr'><strong><em>μὲν</em></strong></span> <span class='ocrx_word' id='word_1_38' title='bbox 692 737 748 796; x_wconf 80' lang='grc' dir='ltr'><strong><em>τοῦ</em></strong></span> <span class='ocrx_word' id='word_1_39' title='bbox 778 729 864 818; x_wconf 79' lang='grc' dir='ltr'><strong><em>ἁγίου</em></strong></span> <span class='ocrx_word' id='word_1_40' title='bbox 894 734 1094 818; x_wconf 71' lang='grc' dir='ltr'><strong><em>Ἀγαθονίκου</em></strong></span> <span class='ocrx_word' id='word_1_41' title='bbox 1122 734 1224 821; x_wconf 82' lang='grc' dir='ltr'><strong><em>γίγοντ</em></strong></span> 
     </span>
    </p>

    <p class='ocr_par' dir='ltr' id='par_1_3' title="bbox 85 831 1224 1132">
     <span class='ocr_line' id='line_1_6' title="bbox 85 831 1223 925; baseline 0.007 -29"><span class='ocrx_word' id='word_1_42' title='bbox 85 835 234 914; x_wconf 74' lang='grc' dir='ltr'><strong><em>ὁζώντος</em></strong></span> <span class='ocrx_word' id='word_1_43' title='bbox 256 831 398 908; x_wconf 83' lang='grc' dir='ltr'><strong><em>Λίοντος</em></strong></span> <span class='ocrx_word' id='word_1_44' title='bbox 423 833 557 917; x_wconf 87' lang='grc' dir='ltr'><strong><em>Μακίλη</em></strong></span> <span class='ocrx_word' id='word_1_45' title='bbox 581 839 636 899; x_wconf 79' lang='grc' dir='ltr'><strong><em>τοῦ</em></strong></span> <span class='ocrx_word' id='word_1_46' title='bbox 664 833 777 920; x_wconf 76' lang='grc' dir='ltr'><strong><em>ἀνδρὸς</em></strong></span> <span class='ocrx_word' id='word_1_47' title='bbox 801 836 912 921; x_wconf 77' lang='grc' dir='ltr'><strong><em>αὐτῆς,</em></strong></span> <span class='ocrx_word' id='word_1_48' title='bbox 946 834 966 920; x_wconf 75' lang='grc' dir='ltr'><em>ἢ</em></span> <span class='ocrx_word' id='word_1_49' title='bbox 993 838 1026 902; x_wconf 79' lang='grc' dir='ltr'><strong><em>δὲ</em></strong></span> <span class='ocrx_word' id='word_1_50' title='bbox 1053 844 1108 921; x_wconf 80' lang='grc' dir='ltr'><strong><em>τῆς</em></strong></span> <span class='ocrx_word' id='word_1_51' title='bbox 1134 836 1223 925; x_wconf 79' lang='grc' dir='ltr'><strong><em>ἁγίας</em></strong></span> 
     </span>
     <span class='ocr_line' id='line_1_7' title="bbox 111 931 1224 1025; baseline 0.009 -25"><span class='ocrx_word' id='word_1_52' title='bbox 111 931 293 1024; x_wconf 86' lang='grc' dir='ltr'><strong><em>Βαρβώρας</em></strong></span> <span class='ocrx_word' id='word_1_53' title='bbox 325 933 403 1018; x_wconf 77' lang='grc' dir='ltr'><strong><em>μετὰ</em></strong></span> <span class='ocrx_word' id='word_1_54' title='bbox 436 934 492 1020; x_wconf 80' lang='grc' dir='ltr'><strong><em>τὴν</em></strong></span> <span class='ocrx_word' id='word_1_55' title='bbox 524 936 666 1021; x_wconf 80' lang='grc' dir='ltr'><strong><em>τελευτὴν</em></strong></span> <span class='ocrx_word' id='word_1_56' title='bbox 693 937 807 1018; x_wconf 78' lang='grc' dir='ltr'><strong><em>αὐτοῦ,</em></strong></span> <span class='ocrx_word' id='word_1_57' title='bbox 842 936 932 1025; x_wconf 78' lang='grc' dir='ltr'><strong><em>ἡνίκα</em></strong></span> <span class='ocrx_word' id='word_1_58' title='bbox 958 942 1144 1008; x_wconf 90' lang='grc' dir='ltr'><strong><em>Βασιλίσκον</em></strong></span> <span class='ocrx_word' id='word_1_59' title='bbox 1169 944 1224 1010; x_wconf 81' lang='grc' dir='ltr'><strong><em>τὸν</em></strong></span> 
     </span>
     <span class='ocr_line' id='line_1_8' title="bbox 113 1037 1223 1132; baseline 0.005 -26"><span class='ocrx_word' id='word_1_60' title='bbox 113 1039 255 1128; x_wconf 78' lang='grc' dir='ltr'><strong><em>ἀδελφὸν</em></strong></span> <span class='ocrx_word' id='word_1_61' title='bbox 281 1037 377 1123; x_wconf 75' lang='grc' dir='ltr'><strong><em>αὐτῆς</em></strong></span> <span class='ocrx_word' id='word_1_62' title='bbox 399 1037 526 1125; x_wconf 64' lang='lat' dir='ltr'><strong>ihesus,</strong></span> <span class='ocrx_word' id='word_1_63' title='bbox 551 1037 701 1128; x_wconf 84' lang='grc' dir='ltr'><strong><em>φυγόντος</em></strong></span> <span class='ocrx_word' id='word_1_64' title='bbox 723 1039 867 1126; x_wconf 76' lang='grc' dir='ltr'><strong><em>Ζήνωνος</em></strong></span> <span class='ocrx_word' id='word_1_65' title='bbox 884 1049 940 1110; x_wconf 75' lang='lat' dir='ltr'><strong><em>aad</em></strong></span> <span class='ocrx_word' id='word_1_66' title='bbox 957 1051 1100 1132; x_wconf 72' lang='grc' dir='ltr'><strong><em>γαμβροῦ</em></strong></span> <span class='ocrx_word' id='word_1_67' title='bbox 1118 1044 1223 1130; x_wconf 76' lang='grc' dir='ltr'><strong><em>αὐτῆς.</em></strong></span> 
     </span>
    </p>

    <p class='ocr_par' dir='ltr' id='par_1_4' title="bbox 113 1143 1223 1339">
     <span class='ocr_line' id='line_1_9' title="bbox 222 1143 1223 1239; baseline 0.01 -33"><span class='ocrx_word' id='word_1_68' title='bbox 222 1143 388 1229; x_wconf 82' lang='grc' dir='ltr'><strong><em>Εὖφημίας</em></strong></span> <span class='ocrx_word' id='word_1_69' title='bbox 412 1151 468 1228; x_wconf 72' lang='grc' dir='ltr'><strong><em>τῆς</em></strong></span> <span class='ocrx_word' id='word_1_70' title='bbox 491 1145 633 1230; x_wconf 84' lang='grc' dir='ltr'><strong><em>γυναικὸς</em></strong></span> <span class='ocrx_word' id='word_1_71' title='bbox 654 1145 818 1212; x_wconf 80' lang='grc' dir='ltr'><strong><em>Ἰουστίνυυ</em></strong></span> <span class='ocrx_word' id='word_1_72' title='bbox 842 1153 899 1213; x_wconf 79' lang='grc' dir='ltr'><strong><em>τοῦ</em></strong></span> <span class='ocrx_word' id='word_1_73' title='bbox 926 1146 1049 1239; x_wconf 83' lang='grc' dir='ltr'><strong><em>Θρρκδς</em></strong></span> <span class='ocrx_word' id='word_1_74' title='bbox 1071 1145 1167 1234; x_wconf 81' lang='grc' dir='ltr'><strong><em>στήλη</em></strong></span> <span class='ocrx_word' id='word_1_75' title='bbox 1191 1152 1223 1216; x_wconf 76' lang='grc' dir='ltr'><strong><em>ἓν</em></strong></span> 
     </span>
     <span class='ocr_line' id='line_1_10' title="bbox 113 1243 1014 1339; baseline 0.002 -25"><span class='ocrx_word' id='word_1_76' title='bbox 113 1253 158 1336; x_wconf 71' lang='grc' dir='ltr'><strong><em>τῇ,</em></strong></span> <span class='ocrx_word' id='word_1_77' title='bbox 174 1243 247 1337; x_wconf 79' lang='grc' dir='ltr'><strong><em>ἆγίρι</em></strong></span> <span class='ocrx_word' id='word_1_78' title='bbox 262 1245 411 1339; x_wconf 81' lang='grc' dir='ltr'><strong><em>Εώφημίρι</em></strong></span> <span class='ocrx_word' id='word_1_79' title='bbox 427 1254 466 1334; x_wconf 78' lang='grc' dir='ltr'><strong><em>τῇ</em></strong></span> <span class='ocrx_word' id='word_1_80' title='bbox 481 1244 538 1312; x_wconf 71' lang='grc' dir='ltr'><strong><em>ὑπ’</em></strong></span> <span class='ocrx_word' id='word_1_81' title='bbox 557 1248 652 1332; x_wconf 76' lang='grc' dir='ltr'><strong><em>αὐτῆς</em></strong></span> <span class='ocrx_word' id='word_1_82' title='bbox 667 1251 825 1337; x_wconf 76' lang='grc' dir='ltr'><strong><em>κτισθείσῃ</em></strong></span> <span class='ocrx_word' id='word_1_83' title='bbox 843 1249 1014 1336; x_wconf 75' lang='grc' dir='ltr'><strong><em>ἔστηλώδη.</em></strong></span> 
     </span>
    </p>

    <p class='ocr_par' dir='ltr' id='par_1_5' title="bbox 67 1349 1261 1855">
     <span class='ocr_line' id='line_1_11' title="bbox 67 1349 1226 1444; baseline 0.008 -33"><span class='ocrx_word' id='word_1_84' title='bbox 67 1358 107 1413; x_wconf 88' lang='grc'><strong><em>10</em></strong></span> <span class='ocrx_word' id='word_1_85' title='bbox 218 1349 382 1437; x_wconf 81' lang='grc' dir='ltr'><strong><em>Ἀρκαδίας</em></strong></span> <span class='ocrx_word' id='word_1_86' title='bbox 413 1356 469 1434; x_wconf 77' lang='grc' dir='ltr'><strong><em>τῆς</em></strong></span> <span class='ocrx_word' id='word_1_87' title='bbox 500 1351 643 1438; x_wconf 83' lang='grc' dir='ltr'><strong><em>γυναικὸς</em></strong></span> <span class='ocrx_word' id='word_1_88' title='bbox 674 1350 837 1436; x_wconf 73' lang='grc' dir='ltr'><strong><em>Ζήνωνος,</em></strong></span> <span class='ocrx_word' id='word_1_89' title='bbox 869 1362 925 1439; x_wconf 80' lang='grc' dir='ltr'><strong><em>τῆς</em></strong></span> <span class='ocrx_word' id='word_1_90' title='bbox 955 1357 986 1422; x_wconf 72' lang='grc' dir='ltr'><strong><em>ἓν</em></strong></span> <span class='ocrx_word' id='word_1_91' title='bbox 1015 1359 1060 1444; x_wconf 76' lang='grc' dir='ltr'><strong><em>τῷ</em></strong></span> <span class='ocrx_word' id='word_1_92' title='bbox 1092 1354 1226 1444; x_wconf 72' lang='grc' dir='ltr'><strong><em>δευτέρην</em></strong></span> 
     </span>
     <span class='ocr_line' id='line_1_12' title="bbox 114 1454 1224 1545; baseline 0.004 -25"><span class='ocrx_word' id='word_1_93' title='bbox 114 1455 296 1542; x_wconf 84' lang='grc' dir='ltr'><strong><em>συνοικισίῳ</em></strong></span> <span class='ocrx_word' id='word_1_94' title='bbox 305 1501 316 1533; x_wconf 86' lang='grc'>,</span> <span class='ocrx_word' id='word_1_95' title='bbox 344 1454 376 1520; x_wconf 73' lang='grc' dir='ltr'><strong><em>ἐν</em></strong></span> <span class='ocrx_word' id='word_1_96' title='bbox 399 1463 463 1532; x_wconf 77' lang='grc' dir='ltr'><strong><em>τοῖς</em></strong></span> <span class='ocrx_word' id='word_1_97' title='bbox 486 1456 614 1539; x_wconf 84' lang='grc' dir='ltr'><strong><em>πλησίον</em></strong></span> <span class='ocrx_word' id='word_1_98' title='bbox 636 1455 740 1542; x_wconf 83' lang='grc' dir='ltr'><strong><em>μίρισι</em></strong></span> <span class='ocrx_word' id='word_1_99' title='bbox 756 1463 818 1522; x_wconf 85' lang='grc' dir='ltr'><strong><em>τών</em></strong></span> <span class='ocrx_word' id='word_1_100' title='bbox 832 1454 965 1545; x_wconf 73' lang='grc' dir='ltr'><strong><em>βάθρων</em></strong></span> <span class='ocrx_word' id='word_1_101' title='bbox 981 1464 1042 1522; x_wconf 88' lang='grc' dir='ltr'><strong><em>τών</em></strong></span> <span class='ocrx_word' id='word_1_102' title='bbox 1058 1459 1224 1544; x_wconf 72' lang='grc' dir='ltr'><strong><em>λεγομένων</em></strong></span> 
     </span>
     <span class='ocr_line' id='line_1_13' title="bbox 117 1554 1261 1648; baseline 0.003 -26"><span class='ocrx_word' id='word_1_103' title='bbox 117 1554 252 1636; x_wconf 82' lang='grc' dir='ltr'><strong><em>Τόπων,</em></strong></span> <span class='ocrx_word' id='word_1_104' title='bbox 287 1557 318 1623; x_wconf 72' lang='grc' dir='ltr'><strong><em>ἓν</em></strong></span> <span class='ocrx_word' id='word_1_105' title='bbox 344 1565 408 1634; x_wconf 79' lang='grc' dir='ltr'><strong><em>τοῒς</em></strong></span> <span class='ocrx_word' id='word_1_106' title='bbox 431 1565 486 1624; x_wconf 77' lang='grc' dir='ltr'><strong><em>τοῦ</em></strong></span> <span class='ocrx_word' id='word_1_107' title='bbox 511 1555 755 1646; x_wconf 78' lang='grc' dir='ltr'><strong><em>ἀρχιστρατήγου</em></strong></span> <span class='ocrx_word' id='word_1_108' title='bbox 780 1560 921 1648; x_wconf 75' lang='grc' dir='ltr'><strong><em>μέρεσιν,</em></strong></span> <span class='ocrx_word' id='word_1_109' title='bbox 954 1563 996 1638; x_wconf 79' lang='grc' dir='ltr'><strong><em>εἷς</em></strong></span> <span class='ocrx_word' id='word_1_110' title='bbox 1018 1560 1261 1647; x_wconf 75' lang='grc' dir='ltr'><strong><em>Ἀρκαδιανὰςῦ</em></strong></span> 
     </span>
     <span class='ocr_line' id='line_1_14' title="bbox 115 1656 1224 1750; baseline 0.002 -24"><span class='ocrx_word' id='word_1_111' title='bbox 115 1658 302 1745; x_wconf 74' lang='grc' dir='ltr'><strong><em>ἔστηλώθη,</em></strong></span> <span class='ocrx_word' id='word_1_112' title='bbox 337 1658 417 1726; x_wconf 69' lang='grc' dir='ltr'><strong><em>’ἔνθα</em></strong></span> <span class='ocrx_word' id='word_1_113' title='bbox 447 1656 557 1746; x_wconf 72' lang='grc' dir='ltr'><strong><em>Ζήνων</em></strong></span> <span class='ocrx_word' id='word_1_114' title='bbox 587 1661 682 1750; x_wconf 61' lang='lat' dir='ltr'><strong>thoos</strong></span> <span class='ocrx_word' id='word_1_115' title='bbox 704 1661 787 1748; x_wconf 71' lang='lat' dir='ltr'><strong><em>vtoric</em></strong></span> <span class='ocrx_word' id='word_1_116' title='bbox 818 1664 895 1746; x_wconf 79' lang='grc' dir='ltr'><strong><em>μετὰ</em></strong></span> <span class='ocrx_word' id='word_1_117' title='bbox 929 1666 1135 1744; x_wconf 88' lang='grc' dir='ltr'><strong><em>Βασιλίσκου,</em></strong></span> <span class='ocrx_word' id='word_1_118' title='bbox 1171 1666 1224 1730; x_wconf 86' lang='grc' dir='ltr'><strong><em>καὶ</em></strong></span> 
     </span>
     <span class='ocr_line' id='line_1_15' title="bbox 114 1759 1225 1855; baseline 0.002 -25"><span class='ocrx_word' id='word_1_119' title='bbox 114 1765 260 1851; x_wconf 81' lang='grc' dir='ltr'><strong><em>σίκριτον</em></strong></span> <span class='ocrx_word' id='word_1_120' title='bbox 289 1762 344 1831; x_wconf 82' lang='grc' dir='ltr'><strong><em>τὸν</em></strong></span> <span class='ocrx_word' id='word_1_121' title='bbox 369 1759 464 1831; x_wconf 81' lang='grc' dir='ltr'><strong><em>τόπον</em></strong></span> <span class='ocrx_word' id='word_1_122' title='bbox 488 1766 618 1850; x_wconf 75' lang='grc' dir='ltr'><strong><em>ἐποίησε.</em></strong></span> <span class='ocrx_word' id='word_1_123' title='bbox 669 1771 725 1847; x_wconf 81' lang='grc' dir='ltr'><strong><em>τῆς</em></strong></span> <span class='ocrx_word' id='word_1_124' title='bbox 752 1767 786 1832; x_wconf 71' lang='grc' dir='ltr'><strong><em>δι’</em></strong></span> <span class='ocrx_word' id='word_1_125' title='bbox 811 1765 935 1855; x_wconf 80' lang='grc' dir='ltr'><strong><em>πρώτης</em></strong></span> <span class='ocrx_word' id='word_1_126' title='bbox 961 1767 1056 1834; x_wconf 78' lang='grc' dir='ltr'><strong><em>αὐτοῦ</em></strong></span> <span class='ocrx_word' id='word_1_127' title='bbox 1083 1767 1225 1852; x_wconf 79' lang='grc' dir='ltr'><strong><em>γυναικὸς</em></strong></span> 
     </span>
    </p>

    <p class='ocr_par' dir='ltr' id='par_1_6' title="bbox 67 1865 1226 2056">
     <span class='ocr_line' id='line_1_16' title="bbox 67 1865 1226 1957; baseline 0.003 -25"><span class='ocrx_word' id='word_1_128' title='bbox 67 1865 278 1955; x_wconf 81' lang='grc' dir='ltr'><strong><em>15Ἅριώδνης</em></strong></span> <span class='ocrx_word' id='word_1_129' title='bbox 309 1869 361 1933; x_wconf 82' lang='grc' dir='ltr'><strong><em>καὶ</em></strong></span> <span class='ocrx_word' id='word_1_130' title='bbox 394 1866 491 1936; x_wconf 76' lang='grc' dir='ltr'><strong><em>αὐτοῦ</em></strong></span> <span class='ocrx_word' id='word_1_131' title='bbox 521 1875 577 1935; x_wconf 81' lang='grc' dir='ltr'><strong><em>τοῦ</em></strong></span> <span class='ocrx_word' id='word_1_132' title='bbox 606 1865 750 1952; x_wconf 75' lang='grc' dir='ltr'><strong><em>Ζήνωνος</em></strong></span> <span class='ocrx_word' id='word_1_133' title='bbox 775 1869 807 1934; x_wconf 73' lang='grc' dir='ltr'><strong><em>ἓν</em></strong></span> <span class='ocrx_word' id='word_1_134' title='bbox 831 1875 870 1957; x_wconf 79' lang='grc' dir='ltr'><strong><em>τῇ</em></strong></span> <span class='ocrx_word' id='word_1_135' title='bbox 895 1875 1040 1957; x_wconf 79' lang='grc' dir='ltr'><strong><em>βασιλικῇ</em></strong></span> <span class='ocrx_word' id='word_1_136' title='bbox 1065 1866 1146 1956; x_wconf 78' lang='grc' dir='ltr'><strong><em>πύλῃ</em></strong></span> <span class='ocrx_word' id='word_1_137' title='bbox 1172 1877 1226 1954; x_wconf 79' lang='grc' dir='ltr'><strong><em>τῆς</em></strong></span> 
     </span>
     <span class='ocr_line' id='line_1_17' title="bbox 118 1967 406 2056; baseline 0.003 -21"><span class='ocrx_word' id='word_1_138' title='bbox 118 1975 250 2056; x_wconf 80' lang='grc' dir='ltr'><strong><em>Χαλκῆς</em></strong></span> <span class='ocrx_word' id='word_1_139' title='bbox 271 1967 406 2055; x_wconf 64' lang='grc' dir='ltr'><strong><em>ἔστησεν.</em></strong></span> 
     </span>
    </p>
   </div>
   <div class='ocr_carea' id='block_1_3' title="bbox 187 2109 1227 3356">
    <p class='ocr_par' dir='ltr' id='par_1_7' title="bbox 187 2109 1227 3356">
     <span class='ocr_line' id='line_1_18' title="bbox 190 2109 1226 2184; baseline 0 -16"><span class='ocrx_word' id='word_1_140' title='bbox 190 2117 207 2168; x_wconf 92' lang='grc'>1</span> <span class='ocrx_word' id='word_1_141' title='bbox 227 2129 254 2182; x_wconf 88' lang='lat' dir='ltr'><strong><em>p·</em></strong></span> <span class='ocrx_word' id='word_1_142' title='bbox 271 2111 307 2168; x_wconf 82' lang='lat'><strong><em>46</em></strong></span> <span class='ocrx_word' id='word_1_143' title='bbox 324 2116 352 2164; x_wconf 87' lang='lat' dir='ltr'><strong>et</strong></span> <span class='ocrx_word' id='word_1_144' title='bbox 367 2109 403 2168; x_wconf 87' lang='grc'><strong><em>89</em></strong></span> <span class='ocrx_word' id='word_1_145' title='bbox 420 2112 504 2166; x_wconf 84' lang='lat' dir='ltr'><strong>Band.</strong></span> <span class='ocrx_word' id='word_1_146' title='bbox 618 2110 695 2184; x_wconf 83' lang='grc' dir='ltr'><strong><em>Δώο]</em></strong></span> <span class='ocrx_word' id='word_1_147' title='bbox 714 2114 823 2171; x_wconf 86' lang='lat' dir='ltr'><strong>indicem</strong></span> <span class='ocrx_word' id='word_1_148' title='bbox 840 2118 865 2172; x_wconf 89' lang='lat' dir='ltr'><strong>F</strong></span> <span class='ocrx_word' id='word_1_149' title='bbox 881 2117 956 2171; x_wconf 82' lang='lat' dir='ltr'><strong>addit</strong></span> <span class='ocrx_word' id='word_1_150' title='bbox 972 2115 1056 2170; x_wconf 72' lang='lat' dir='ltr'><strong>hunos</strong></span> <span class='ocrx_word' id='word_1_151' title='bbox 1076 2112 1226 2184; x_wconf 81' lang='grc' dir='ltr'><strong><em>Θεοδώρου</em></strong></span> 
     </span>
     <span class='ocr_line' id='line_1_19' title="bbox 191 2176 1224 2256; baseline 0.004 -22"><span class='ocrx_word' id='word_1_152' title='bbox 191 2176 373 2248; x_wconf 71' lang='grc' dir='ltr'><strong><em>ἀναγνώστου</em></strong></span> <span class='ocrx_word' id='word_1_153' title='bbox 398 2176 439 2236; x_wconf 79' lang='grc' dir='ltr'><strong><em>ἔτι</em></strong></span> <span class='ocrx_word' id='word_1_154' title='bbox 463 2179 597 2249; x_wconf 77' lang='grc' dir='ltr'><strong><em>συντομία</em></strong></span> <span class='ocrx_word' id='word_1_155' title='bbox 620 2185 767 2250; x_wconf 81' lang='grc' dir='ltr'><strong><em>γυναικών.</em></strong></span> <span class='ocrx_word' id='word_1_156' title='bbox 892 2181 1049 2256; x_wconf 80' lang='grc' dir='ltr'><strong><em>βορεωτέρα</em></strong></span> <span class='ocrx_word' id='word_1_157' title='bbox 1075 2187 1172 2240; x_wconf 80' lang='lat' dir='ltr'><strong>Suidaa</strong></span> <span class='ocrx_word' id='word_1_158' title='bbox 1197 2187 1224 2238; x_wconf 93' lang='lat' dir='ltr'><strong><em>in</em></strong></span> 
     </span>
     <span class='ocr_line' id='line_1_20' title="bbox 191 2245 1226 2378; baseline 0.005 -76"><span class='ocrx_word' id='word_1_159' title='bbox 191 2245 312 2318; x_wconf 86' lang='grc' dir='ltr'><strong><em>Βηρίυη,</em></strong></span> <span class='ocrx_word' id='word_1_160' title='bbox 339 2267 379 2303; x_wconf 90' lang='lat' dir='ltr'><strong><em>orn</em></strong></span> <span class='ocrx_word' id='word_1_161' title='bbox 396 2250 431 2303; x_wconf 88' lang='lat' dir='ltr'><strong><em>F.</em></strong></span> <span class='ocrx_word' id='word_1_162' title='bbox 544 2253 562 2306; x_wconf 73' lang='lat'><strong>2</strong></span> <span class='ocrx_word' id='word_1_163' title='bbox 585 2249 654 2320; x_wconf 75' lang='lat' dir='ltr'><strong>perd</strong></span> <span class='ocrx_word' id='word_1_164' title='bbox 671 2283 707 2292; x_wconf 93' lang='lat'><em>-</em></span> <span class='ocrx_word' id='word_1_165' title='bbox 717 2253 832 2378; x_wconf 44' lang='lat' dir='ltr'><strong>pedu}</strong></span> <span class='ocrx_word' id='word_1_166' title='bbox 855 2247 970 2308; x_wconf 72' lang='grc' dir='ltr'><strong><em>ἄνωθεν</em></strong></span> <span class='ocrx_word' id='word_1_167' title='bbox 986 2255 1042 2307; x_wconf 81' lang='grc' dir='ltr'><strong><em>τών</em></strong></span> <span class='ocrx_word' id='word_1_168' title='bbox 1058 2251 1177 2324; x_wconf 79' lang='grc' dir='ltr'><strong><em>βάθρων</em></strong></span> <span class='ocrx_word' id='word_1_169' title='bbox 1195 2251 1226 2307; x_wconf 79' lang='grc' dir='ltr'><strong><em>ἐν</em></strong></span> 
     </span>
     <span class='ocr_line' id='line_1_21' title="bbox 189 2315 1227 2395; baseline 0.005 -22"><span class='ocrx_word' id='word_1_170' title='bbox 189 2319 265 2373; x_wconf 82' lang='grc' dir='ltr'><strong><em>κίονι</em></strong></span> <span class='ocrx_word' id='word_1_171' title='bbox 288 2319 378 2389; x_wconf 74' lang='grc' dir='ltr'><strong><em>χαλκῇ</em></strong></span> <span class='ocrx_word' id='word_1_172' title='bbox 404 2322 437 2374; x_wconf 93' lang='lat' dir='ltr'><strong><em>F.</em></strong></span> <span class='ocrx_word' id='word_1_173' title='bbox 559 2321 577 2375; x_wconf 79' lang='lat'>3</span> <span class='ocrx_word' id='word_1_174' title='bbox 601 2315 663 2376; x_wconf 76' lang='lat' dir='ltr'><strong>dire.</strong></span> <span class='ocrx_word' id='word_1_175' title='bbox 688 2323 792 2392; x_wconf 78' lang='grc' dir='ltr'><strong><em>αυτοῦ]</em></strong></span> <span class='ocrx_word' id='word_1_176' title='bbox 833 2342 850 2377; x_wconf 90' lang='grc' dir='ltr'><strong><em>ν</em></strong></span> <span class='ocrx_word' id='word_1_177' title='bbox 872 2325 913 2395; x_wconf 74' lang='grc' dir='ltr'><strong><em>τῷ</em></strong></span> <span class='ocrx_word' id='word_1_178' title='bbox 938 2320 1130 2395; x_wconf 77' lang='grc' dir='ltr'><strong><em>οίνεμοδουρίφ</em></strong></span> <span class='ocrx_word' id='word_1_179' title='bbox 1155 2319 1227 2391; x_wconf 79' lang='grc' dir='ltr'><strong><em>πρὸς</em></strong></span> 
     </span>
     <span class='ocr_line' id='line_1_22' title="bbox 187 2385 1224 2460; baseline 0.004 -18"><span class='ocrx_word' id='word_1_180' title='bbox 187 2385 274 2442; x_wconf 86' lang='grc' dir='ltr'><strong><em>νότον</em></strong></span> <span class='ocrx_word' id='word_1_181' title='bbox 297 2390 351 2442; x_wconf 72' lang='lat' dir='ltr'><strong><em>F.‘</em></strong></span> <span class='ocrx_word' id='word_1_182' title='bbox 470 2387 489 2442; x_wconf 83' lang='lat'>4</span> <span class='ocrx_word' id='word_1_183' title='bbox 513 2388 571 2452; x_wconf 82' lang='grc' dir='ltr'><strong><em>Βαο</em></strong></span> <span class='ocrx_word' id='word_1_184' title='bbox 592 2385 664 2458; x_wconf 80' lang='grc' dir='ltr'><strong><em>δρας</em></strong></span> <span class='ocrx_word' id='word_1_185' title='bbox 684 2392 738 2444; x_wconf 81' lang='grc' dir='ltr'><strong><em>τοῦ</em></strong></span> <span class='ocrx_word' id='word_1_186' title='bbox 761 2387 968 2460; x_wconf 83' lang='grc' dir='ltr'><strong><em>Ἀρτοτυριοιυοῦ</em></strong></span> <span class='ocrx_word' id='word_1_187' title='bbox 991 2389 1092 2446; x_wconf 80' lang='grc' dir='ltr'><strong><em>τόσου.</em></strong></span> <span class='ocrx_word' id='word_1_188' title='bbox 1114 2390 1164 2446; x_wconf 79' lang='grc' dir='ltr'><strong><em>καὶ</em></strong></span> <span class='ocrx_word' id='word_1_189' title='bbox 1189 2394 1224 2446; x_wconf 83' lang='lat' dir='ltr'><strong><em>C.</em></strong></span> 
     </span>
     <span class='ocr_line' id='line_1_23' title="bbox 190 2445 1225 2531; baseline 0.001 -19"><span class='ocrx_word' id='word_1_190' title='bbox 190 2459 207 2512; x_wconf 79' lang='grc'>5</span> <span class='ocrx_word' id='word_1_191' title='bbox 221 2453 269 2526; x_wconf 71' lang='grc' dir='ltr'><strong><em>δὲ]</em></strong></span> <span class='ocrx_word' id='word_1_192' title='bbox 288 2451 320 2509; x_wconf 71' lang='grc' dir='ltr'><strong><em>δὲ</em></strong></span> <span class='ocrx_word' id='word_1_193' title='bbox 332 2445 447 2510; x_wconf 68' lang='lat' dir='ltr'><strong>dooere</strong></span> <span class='ocrx_word' id='word_1_194' title='bbox 457 2456 491 2510; x_wconf 87' lang='lat' dir='ltr'><strong><em>F.</em></strong></span> <span class='ocrx_word' id='word_1_195' title='bbox 587 2453 746 2528; x_wconf 68' lang='lat' dir='ltr'><strong>posterioris</strong></span> <span class='ocrx_word' id='word_1_196' title='bbox 757 2462 866 2516; x_wconf 86' lang='lat' dir='ltr'><strong>alterum</strong></span> <span class='ocrx_word' id='word_1_197' title='bbox 877 2463 914 2514; x_wconf 78' lang='lat' dir='ltr'><strong><em>Fr</em></strong></span> <span class='ocrx_word' id='word_1_198' title='bbox 931 2457 1083 2531; x_wconf 75' lang='grc' dir='ltr'><strong><em>κράζοντας</em></strong></span> <span class='ocrx_word' id='word_1_199' title='bbox 1093 2462 1143 2514; x_wconf 81' lang='grc' dir='ltr'><strong><em>τοῦ</em></strong></span> <span class='ocrx_word' id='word_1_200' title='bbox 1154 2479 1225 2528; x_wconf 83' lang='grc' dir='ltr'><strong><em>πρα-</em></strong></span> 
     </span>
     <span class='ocr_line' id='line_1_24' title="bbox 190 2521 1224 2600; baseline 0.002 -20"><span class='ocrx_word' id='word_1_201' title='bbox 190 2525 270 2580; x_wconf 83' lang='grc' dir='ltr'><strong><em>σίνου</em></strong></span> <span class='ocrx_word' id='word_1_202' title='bbox 281 2522 383 2593; x_wconf 77' lang='grc' dir='ltr'><strong><em>μέρους</em></strong></span> <span class='ocrx_word' id='word_1_203' title='bbox 398 2521 540 2596; x_wconf 75' lang='grc' dir='ltr'><strong><em>“Βηρίνης</em></strong></span> <span class='ocrx_word' id='word_1_204' title='bbox 554 2522 716 2596; x_wconf 77' lang='grc' dir='ltr'><strong><em>δρθοδόξου</em></strong></span> <span class='ocrx_word' id='word_1_205' title='bbox 729 2526 843 2600; x_wconf 79' lang='grc' dir='ltr'><strong><em>Ἑλένης</em></strong></span> <span class='ocrx_word' id='word_1_206' title='bbox 857 2526 947 2584; x_wconf 77' lang='grc' dir='ltr'><strong><em>πολλοὶ</em></strong></span> <span class='ocrx_word' id='word_1_207' title='bbox 964 2526 1000 2584; x_wconf 76' lang='grc' dir='ltr'><strong><em>τὰ</em></strong></span> <span class='ocrx_word' id='word_1_208' title='bbox 1018 2525 1100 2598; x_wconf 48' lang='lat' dir='ltr'><strong>dorp?</strong></span> <span class='ocrx_word' id='word_1_209' title='bbox 1123 2521 1160 2596; x_wconf 79' lang='grc' dir='ltr'><strong><em>ἦν</em></strong></span> <span class='ocrx_word' id='word_1_210' title='bbox 1170 2527 1224 2597; x_wconf 83' lang='grc' dir='ltr'><strong><em>γδρ</em></strong></span> 
     </span>
     <span class='ocr_line' id='line_1_25' title="bbox 190 2591 1224 2672; baseline 0.002 -23"><span class='ocrx_word' id='word_1_211' title='bbox 190 2591 349 2664; x_wconf 78' lang='grc' dir='ltr'><strong><em>δρδόδοξος</em></strong></span> <span class='ocrx_word' id='word_1_212' title='bbox 369 2591 456 2649; x_wconf 75' lang='grc' dir='ltr'><strong><em>πάνυ.</em></strong></span> <span class='ocrx_word' id='word_1_213' title='bbox 595 2598 613 2653; x_wconf 88' lang='grc'>8</span> <span class='ocrx_word' id='word_1_214' title='bbox 637 2617 664 2669; x_wconf 90' lang='lat' dir='ltr'><strong><em>p.</em></strong></span> <span class='ocrx_word' id='word_1_215' title='bbox 686 2598 722 2655; x_wconf 86' lang='grc'><strong><em>89</em></strong></span> <span class='ocrx_word' id='word_1_216' title='bbox 744 2600 830 2655; x_wconf 84' lang='lat' dir='ltr'><strong>Band.</strong></span> <span class='ocrx_word' id='word_1_217' title='bbox 854 2619 883 2672; x_wconf 85' lang='lat' dir='ltr'><strong><em>p.</em></strong></span> <span class='ocrx_word' id='word_1_218' title='bbox 900 2599 953 2656; x_wconf 72' lang='lat'><strong><em>274</em></strong></span> <span class='ocrx_word' id='word_1_219' title='bbox 977 2602 1098 2653; x_wconf 82' lang='lat' dir='ltr'><strong>Gretser.</strong></span> <span class='ocrx_word' id='word_1_220' title='bbox 1125 2600 1224 2664; x_wconf 87' lang='lat' dir='ltr'><strong>(Obss.</strong></span> 
     </span>
     <span class='ocr_line' id='line_1_26' title="bbox 188 2663 1224 2739; baseline 0.001 -21"><span class='ocrx_word' id='word_1_221' title='bbox 188 2667 217 2718; x_wconf 84' lang='lat' dir='ltr'><strong><em>ia</em></strong></span> <span class='ocrx_word' id='word_1_222' title='bbox 242 2665 338 2718; x_wconf 83' lang='lat' dir='ltr'><strong>Codin.</strong></span> <span class='ocrx_word' id='word_1_223' title='bbox 360 2666 394 2718; x_wconf 92' lang='lat' dir='ltr'><strong>de</strong></span> <span class='ocrx_word' id='word_1_224' title='bbox 415 2665 528 2720; x_wconf 75' lang='lat' dir='ltr'><strong>office</strong></span> <span class='ocrx_word' id='word_1_225' title='bbox 553 2665 617 2733; x_wconf 83' lang='lat'><strong>19).</strong></span> <span class='ocrx_word' id='word_1_226' title='bbox 754 2665 839 2737; x_wconf 77' lang='grc' dir='ltr'><strong><em>στήλη</em></strong></span> <span class='ocrx_word' id='word_1_227' title='bbox 856 2669 909 2737; x_wconf 90' lang='grc'><strong><em>-]</em></strong></span> <span class='ocrx_word' id='word_1_228' title='bbox 935 2663 966 2721; x_wconf 79' lang='grc' dir='ltr'><strong><em>ἒν</em></strong></span> <span class='ocrx_word' id='word_1_229' title='bbox 988 2672 1049 2730; x_wconf 83' lang='grc' dir='ltr'><strong><em>τοῖς</em></strong></span> <span class='ocrx_word' id='word_1_230' title='bbox 1067 2663 1224 2739; x_wconf 87' lang='grc' dir='ltr'><strong><em>Ὀλυβρίου,</em></strong></span> 
     </span>
     <span class='ocr_line' id='line_1_27' title="bbox 190 2727 1224 2820; baseline 0.001 -33"><span class='ocrx_word' id='word_1_231' title='bbox 190 2735 310 2820; x_wconf 82' lang='grc' dir='ltr'><strong><em>πλησίον</em></strong></span> <span class='ocrx_word' id='word_1_232' title='bbox 332 2734 383 2802; x_wconf 78' lang='grc' dir='ltr'><strong><em>τῆς</em></strong></span> <span class='ocrx_word' id='word_1_233' title='bbox 406 2728 424 2786; x_wconf 79' lang='grc' dir='ltr'><strong><em>οἳ</em></strong></span> <span class='ocrx_word' id='word_1_234' title='bbox 444 2733 489 2795; x_wconf 88' lang='grc' dir='ltr'><strong><em>ίας</em></strong></span> <span class='ocrx_word' id='word_1_235' title='bbox 512 2727 675 2804; x_wconf 72' lang='grc' dir='ltr'><strong><em>Εώφνηιίας,</em></strong></span> <span class='ocrx_word' id='word_1_236' title='bbox 700 2731 762 2804; x_wconf 79' lang='grc' dir='ltr'><strong><em>ἥτις</em></strong></span> <span class='ocrx_word' id='word_1_237' title='bbox 780 2733 910 2806; x_wconf 73' lang='grc' dir='ltr'><strong><em>ἐκκλησία</em></strong></span> <span class='ocrx_word' id='word_1_238' title='bbox 924 2731 976 2790; x_wconf 75' lang='grc' dir='ltr'><strong><em>δυ’</em></strong></span> <span class='ocrx_word' id='word_1_239' title='bbox 995 2732 1082 2805; x_wconf 74' lang='grc' dir='ltr'><strong><em>αὐτῆς</em></strong></span> <span class='ocrx_word' id='word_1_240' title='bbox 1100 2733 1224 2803; x_wconf 79' lang='grc' dir='ltr'><strong><em>ἐκτίσθη,</em></strong></span> 
     </span>
     <span class='ocr_line' id='line_1_28' title="bbox 190 2752 1224 2877; baseline 0 -21"><span class='ocrx_word' id='word_1_241' title='bbox 190 2807 276 2871; x_wconf 84' lang='grc' dir='ltr'><strong><em>στηλη</em></strong></span> <span class='ocrx_word' id='word_1_242' title='bbox 302 2796 333 2856; x_wconf 78' lang='grc' dir='ltr'><strong><em>ἐν</em></strong></span> <span class='ocrx_word' id='word_1_243' title='bbox 358 2752 512 2873; x_wconf 56' lang='grc' dir='ltr'><strong><em>ἀναδώσω,</em></strong></span> <span class='ocrx_word' id='word_1_244' title='bbox 540 2800 626 2871; x_wconf 75' lang='grc' dir='ltr'><strong><em>μικροὶ</em></strong></span> <span class='ocrx_word' id='word_1_245' title='bbox 650 2800 742 2874; x_wconf 72' lang='grc' dir='ltr'><strong><em>πάνυ,</em></strong></span> <span class='ocrx_word' id='word_1_246' title='bbox 771 2802 966 2877; x_wconf 77' lang='grc' dir='ltr'><strong><em>γρυσίμβαφος</em></strong></span> <span class='ocrx_word' id='word_1_247' title='bbox 986 2802 1160 2874; x_wconf 76' lang='grc' dir='ltr'><strong><em>ὑπάρχουσα.</em></strong></span> <span class='ocrx_word' id='word_1_248' title='bbox 1189 2809 1224 2858; x_wconf 90' lang='lat' dir='ltr'><strong><em>F.</em></strong></span> 
     </span>
     <span class='ocr_line' id='line_1_29' title="bbox 190 2865 1225 2943; baseline 0.001 -18"><span class='ocrx_word' id='word_1_249' title='bbox 190 2873 266 2926; x_wconf 87' lang='lat' dir='ltr'><strong>addit</strong></span> <span class='ocrx_word' id='word_1_250' title='bbox 289 2873 327 2925; x_wconf 80' lang='lat' dir='ltr'><strong><em>iss</em></strong></span> <span class='ocrx_word' id='word_1_251' title='bbox 355 2865 494 2936; x_wconf 79' lang='grc' dir='ltr'><strong><em>Εδδοξίας</em></strong></span> <span class='ocrx_word' id='word_1_252' title='bbox 516 2867 648 2938; x_wconf 79' lang='grc' dir='ltr'><strong><em>γοναικδς</em></strong></span> <span class='ocrx_word' id='word_1_253' title='bbox 664 2869 813 2941; x_wconf 81' lang='grc' dir='ltr'><strong><em>Ἀρκαδίαν</em></strong></span> <span class='ocrx_word' id='word_1_254' title='bbox 830 2871 934 2943; x_wconf 79' lang='grc' dir='ltr'><strong><em>μεγάλη</em></strong></span> <span class='ocrx_word' id='word_1_255' title='bbox 951 2870 1044 2939; x_wconf 81' lang='grc' dir='ltr'><strong><em>πάνυ,</em></strong></span> <span class='ocrx_word' id='word_1_256' title='bbox 1068 2872 1117 2925; x_wconf 76' lang='grc' dir='ltr'><strong><em>καὶ</em></strong></span> <span class='ocrx_word' id='word_1_257' title='bbox 1133 2874 1225 2926; x_wconf 89' lang='grc' dir='ltr'><strong><em>Πουλ-</em></strong></span> 
     </span>
     <span class='ocr_line' id='line_1_30' title="bbox 189 2934 1225 3030; baseline 0.002 -38"><span class='ocrx_word' id='word_1_258' title='bbox 189 2940 284 3026; x_wconf 68' lang='grc' dir='ltr'><strong><em>γηρίας</em></strong></span> <span class='ocrx_word' id='word_1_259' title='bbox 298 2934 441 3027; x_wconf 69' lang='grc' dir='ltr'><strong><em>θηγατρδς</em></strong></span> <span class='ocrx_word' id='word_1_260' title='bbox 457 2936 625 3024; x_wconf 36' lang='grc' dir='ltr'><strong><em>αδτῆςκιιαδ</em></strong></span> <span class='ocrx_word' id='word_1_261' title='bbox 642 2935 744 3028; x_wconf 56' lang='lat' dir='ltr'><strong>{edoctu</strong></span> <span class='ocrx_word' id='word_1_262' title='bbox 759 2941 815 3030; x_wconf 68' lang='grc' dir='ltr'><strong><em>δύο</em></strong></span> <span class='ocrx_word' id='word_1_263' title='bbox 831 2937 997 3012; x_wconf 76' lang='grc' dir='ltr'><strong><em>θυγατέρων</em></strong></span> <span class='ocrx_word' id='word_1_264' title='bbox 1013 2938 1225 3024; x_wconf 44' lang='grc' dir='ltr'><strong><em>αδοῆς,”οἷμφο-</em></strong></span> 
     </span>
     <span class='ocr_line' id='line_1_31' title="bbox 189 3005 1225 3152; baseline 0.002 -20"><span class='ocrx_word' id='word_1_265' title='bbox 189 3027 278 3146; x_wconf 61' lang='lat' dir='ltr'><strong>{llll</strong></span> <span class='ocrx_word' id='word_1_266' title='bbox 291 3005 703 3149; x_wconf 60' lang='lat' dir='ltr'><strong><em>slttlllnilttlttl&#39;tl‘</em></strong></span> <span class='ocrx_word' id='word_1_267' title='bbox 715 3007 1225 3152; x_wconf 43' lang='lat' dir='ltr'><strong><em>&amp;tillittllttilloit?</em></strong></span> 
     </span>
     <span class='ocr_line' id='line_1_32' title="bbox 191 3146 1224 3220; baseline -0.002 -16"><span class='ocrx_word' id='word_1_268' title='bbox 191 3151 226 3204; x_wconf 85' lang='lat'><strong><em>10</em></strong></span> <span class='ocrx_word' id='word_1_269' title='bbox 249 3169 276 3220; x_wconf 90' lang='lat' dir='ltr'><strong><em>p.</em></strong></span> <span class='ocrx_word' id='word_1_270' title='bbox 293 3146 329 3202; x_wconf 89' lang='grc'><strong><em>89</em></strong></span> <span class='ocrx_word' id='word_1_271' title='bbox 345 3148 428 3201; x_wconf 90' lang='lat' dir='ltr'><strong>Band.</strong></span> <span class='ocrx_word' id='word_1_272' title='bbox 455 3165 483 3216; x_wconf 92' lang='lat' dir='ltr'><strong><em>p.</em></strong></span> <span class='ocrx_word' id='word_1_273' title='bbox 501 3146 553 3203; x_wconf 76' lang='lat'><strong><em>274</em></strong></span> <span class='ocrx_word' id='word_1_274' title='bbox 571 3149 663 3204; x_wconf 82' lang='lat' dir='ltr'><strong>Grata.</strong></span> <span class='ocrx_word' id='word_1_275' title='bbox 803 3153 838 3208; x_wconf 78' lang='lat'><strong><em>12</em></strong></span> <span class='ocrx_word' id='word_1_276' title='bbox 860 3146 956 3206; x_wconf 79' lang='grc' dir='ltr'><strong><em>τόπων</em></strong></span> <span class='ocrx_word' id='word_1_277' title='bbox 978 3168 1019 3204; x_wconf 88' lang='lat' dir='ltr'><strong><em>orn</em></strong></span> <span class='ocrx_word' id='word_1_278' title='bbox 1042 3150 1102 3204; x_wconf 89' lang='lat' dir='ltr'><strong>cod.</strong></span> <span class='ocrx_word' id='word_1_279' title='bbox 1126 3151 1224 3203; x_wconf 82' lang='lat' dir='ltr'><strong>Barar.</strong></span> 
     </span>
     <span class='ocr_line' id='line_1_33' title="bbox 191 3212 1225 3292; baseline 0.002 -22"><span class='ocrx_word' id='word_1_280' title='bbox 191 3218 325 3270; x_wconf 86' lang='lat' dir='ltr'><strong>Gretseri.</strong></span> <span class='ocrx_word' id='word_1_281' title='bbox 441 3218 475 3271; x_wconf 77' lang='lat'><strong><em>14</em></strong></span> <span class='ocrx_word' id='word_1_282' title='bbox 491 3212 621 3281; x_wconf 80' lang='grc' dir='ltr'><strong><em>σεκρέτοα</em></strong></span> <span class='ocrx_word' id='word_1_283' title='bbox 636 3216 727 3274; x_wconf 82' lang='grc' dir='ltr'><strong><em>τόπον</em></strong></span> <span class='ocrx_word' id='word_1_284' title='bbox 742 3222 810 3277; x_wconf 79' lang='lat' dir='ltr'><strong>Ber.</strong></span> <span class='ocrx_word' id='word_1_285' title='bbox 922 3220 957 3274; x_wconf 79' lang='lat'><strong><em>15</em></strong></span> <span class='ocrx_word' id='word_1_286' title='bbox 974 3216 1047 3292; x_wconf 76' lang='grc' dir='ltr'><strong><em>πύλη</em></strong></span> <span class='ocrx_word' id='word_1_287' title='bbox 1067 3235 1108 3273; x_wconf 86' lang='lat' dir='ltr'><strong><em>om</em></strong></span> <span class='ocrx_word' id='word_1_288' title='bbox 1126 3219 1225 3273; x_wconf 83' lang='lat' dir='ltr'><strong>Suidas</strong></span> 
     </span>
     <span class='ocr_line' id='line_1_34' title="bbox 190 3285 635 3356; baseline 0.004 -16"><span class='ocrx_word' id='word_1_289' title='bbox 190 3288 240 3356; x_wconf 82' lang='lat' dir='ltr'><strong><em>(v.</em></strong></span> <span class='ocrx_word' id='word_1_290' title='bbox 258 3285 364 3355; x_wconf 74' lang='grc' dir='ltr'><strong><em>στήλη)</em></strong></span> <span class='ocrx_word' id='word_1_291' title='bbox 382 3303 439 3340; x_wconf 86' lang='lat' dir='ltr'><strong>cum</strong></span> <span class='ocrx_word' id='word_1_292' title='bbox 457 3287 516 3340; x_wconf 90' lang='lat' dir='ltr'><strong>cod.</strong></span> <span class='ocrx_word' id='word_1_293' title='bbox 534 3288 635 3342; x_wconf 68' lang='lat' dir='ltr'><strong>Bauer.</strong></span> 
     </span>
    </p>
   </div>
   <div class='ocr_carea' id='block_1_4' title="bbox 118 3405 1228 4308">
    <p class='ocr_par' dir='ltr' id='par_1_8' title="bbox 118 3405 1228 3753">
     <span class='ocr_line' id='line_1_35' title="bbox 223 3405 1226 3476; baseline 0.002 -18"><span class='ocrx_word' id='word_1_294' title='bbox 223 3405 299 3458; x_wconf 86' lang='lat' dir='ltr'><strong>Duae</strong></span> <span class='ocrx_word' id='word_1_295' title='bbox 323 3411 386 3458; x_wconf 89' lang='lat' dir='ltr'><strong>sunt</strong></span> <span class='ocrx_word' id='word_1_296' title='bbox 409 3411 515 3460; x_wconf 83' lang='lat' dir='ltr'><strong>statuae</strong></span> <span class='ocrx_word' id='word_1_297' title='bbox 538 3405 666 3475; x_wconf 66' lang='lat' dir='ltr'><strong>Vernae,</strong></span> <span class='ocrx_word' id='word_1_298' title='bbox 689 3426 742 3463; x_wconf 87' lang='lat' dir='ltr'><strong><em>una</em></strong></span> <span class='ocrx_word' id='word_1_299' title='bbox 759 3415 877 3464; x_wconf 77' lang='lat' dir='ltr'>austrum</span> <span class='ocrx_word' id='word_1_300' title='bbox 895 3425 989 3462; x_wconf 85' lang='lat' dir='ltr'><strong>versus</strong></span> <span class='ocrx_word' id='word_1_301' title='bbox 1007 3423 1091 3476; x_wconf 88' lang='lat' dir='ltr'><strong>prope</strong></span> <span class='ocrx_word' id='word_1_302' title='bbox 1108 3407 1141 3460; x_wconf 84' lang='lat' dir='ltr'><strong><em>S.</em></strong></span> <span class='ocrx_word' id='word_1_303' title='bbox 1155 3423 1226 3460; x_wconf 88' lang='lat' dir='ltr'><strong>rner-</strong></span> 
     </span>
     <span class='ocr_line' id='line_1_36' title="bbox 119 3473 1226 3546; baseline -0.001 -17"><span class='ocrx_word' id='word_1_304' title='bbox 119 3485 207 3543; x_wconf 80' lang='lat' dir='ltr'><strong>tyrern</strong></span> <span class='ocrx_word' id='word_1_305' title='bbox 234 3473 426 3544; x_wconf 81' lang='lat' dir='ltr'><strong>Agathonicum</strong></span> <span class='ocrx_word' id='word_1_306' title='bbox 450 3483 512 3545; x_wconf 88' lang='lat' dir='ltr'><strong>post</strong></span> <span class='ocrx_word' id='word_1_307' title='bbox 535 3492 670 3532; x_wconf 85' lang='lat' dir='ltr'><strong>ascensum</strong></span> <span class='ocrx_word' id='word_1_308' title='bbox 692 3479 842 3546; x_wconf 71' lang='lat' dir='ltr'><strong>gradum,-</strong></span> <span class='ocrx_word' id='word_1_309' title='bbox 860 3479 943 3532; x_wconf 87' lang='lat' dir='ltr'><strong>eltera</strong></span> <span class='ocrx_word' id='word_1_310' title='bbox 961 3494 976 3530; x_wconf 89' lang='lat' dir='ltr'><strong>e</strong></span> <span class='ocrx_word' id='word_1_311' title='bbox 994 3477 1116 3545; x_wconf 79' lang='lat' dir='ltr'><strong>regione,</strong></span> <span class='ocrx_word' id='word_1_312' title='bbox 1143 3493 1226 3546; x_wconf 88' lang='lat' dir='ltr'><strong>propa</strong></span> 
     </span>
     <span class='ocr_line' id='line_1_37' title="bbox 118 3543 1226 3617; baseline 0 -19"><span class='ocrx_word' id='word_1_313' title='bbox 118 3546 244 3616; x_wconf 86' lang='lat' dir='ltr'><strong>templum</strong></span> <span class='ocrx_word' id='word_1_314' title='bbox 269 3543 299 3598; x_wconf 84' lang='lat' dir='ltr'><strong><em>S.</em></strong></span> <span class='ocrx_word' id='word_1_315' title='bbox 324 3543 471 3599; x_wconf 80' lang='lat' dir='ltr'><strong>Barbarae.</strong></span> <span class='ocrx_word' id='word_1_316' title='bbox 506 3562 574 3614; x_wconf 88' lang='lat' dir='ltr'><strong>quae</strong></span> <span class='ocrx_word' id='word_1_317' title='bbox 592 3546 626 3598; x_wconf 87' lang='lat' dir='ltr'><strong>ed</strong></span> <span class='ocrx_word' id='word_1_318' title='bbox 643 3546 674 3600; x_wconf 82' lang='lat' dir='ltr'><strong><em>S.</em></strong></span> <span class='ocrx_word' id='word_1_319' title='bbox 691 3549 881 3617; x_wconf 85' lang='lat' dir='ltr'><strong>Agathonicum</strong></span> <span class='ocrx_word' id='word_1_320' title='bbox 900 3553 956 3610; x_wconf 84' lang='lat' dir='ltr'><strong>est,</strong></span> <span class='ocrx_word' id='word_1_321' title='bbox 982 3545 1126 3616; x_wconf 75' lang='lat' dir='ltr'><strong>superstite</strong></span> <span class='ocrx_word' id='word_1_322' title='bbox 1142 3546 1226 3598; x_wconf 85' lang='lat' dir='ltr'><strong>adhuc</strong></span> 
     </span>
     <span class='ocr_line' id='line_1_38' title="bbox 118 3611 1228 3687; baseline 0.001 -20"><span class='ocrx_word' id='word_1_323' title='bbox 118 3613 209 3667; x_wconf 91' lang='lat' dir='ltr'><strong>Leone</strong></span> <span class='ocrx_word' id='word_1_324' title='bbox 227 3611 330 3668; x_wconf 88' lang='lat' dir='ltr'><strong>Macela</strong></span> <span class='ocrx_word' id='word_1_325' title='bbox 348 3614 406 3668; x_wconf 91' lang='lat' dir='ltr'><strong>eius</strong></span> <span class='ocrx_word' id='word_1_326' title='bbox 422 3614 515 3668; x_wconf 85' lang='lat' dir='ltr'><strong>marito</strong></span> <span class='ocrx_word' id='word_1_327' title='bbox 531 3613 618 3683; x_wconf 88' lang='lat' dir='ltr'><strong>posita</strong></span> <span class='ocrx_word' id='word_1_328' title='bbox 633 3621 688 3668; x_wconf 80' lang='lat' dir='ltr'><strong>est:</strong></span> <span class='ocrx_word' id='word_1_329' title='bbox 707 3633 774 3687; x_wconf 86' lang='lat' dir='ltr'><strong>quae</strong></span> <span class='ocrx_word' id='word_1_330' title='bbox 785 3635 867 3687; x_wconf 85' lang='lat' dir='ltr'>prope</span> <span class='ocrx_word' id='word_1_331' title='bbox 880 3617 910 3670; x_wconf 83' lang='lat' dir='ltr'><strong><em>S.</em></strong></span> <span class='ocrx_word' id='word_1_332' title='bbox 923 3617 1079 3681; x_wconf 81' lang='lat' dir='ltr'><strong>Barbarum,</strong></span> <span class='ocrx_word' id='word_1_333' title='bbox 1096 3623 1158 3684; x_wconf 87' lang='lat' dir='ltr'><strong>post</strong></span> <span class='ocrx_word' id='word_1_334' title='bbox 1170 3615 1228 3668; x_wconf 78' lang='lat' dir='ltr'><strong>eius</strong></span> 
     </span>
     <span class='ocr_line' id='line_1_39' title="bbox 120 3683 1228 3753; baseline -0.003 -15"><span class='ocrx_word' id='word_1_335' title='bbox 120 3685 235 3747; x_wconf 86' lang='lat' dir='ltr'><strong>ebitum,</strong></span> <span class='ocrx_word' id='word_1_336' title='bbox 250 3683 354 3753; x_wconf 85' lang='lat' dir='ltr'><strong>quando</strong></span> <span class='ocrx_word' id='word_1_337' title='bbox 366 3683 518 3737; x_wconf 78' lang='lat' dir='ltr'><strong>Basiliscum</strong></span> <span class='ocrx_word' id='word_1_338' title='bbox 532 3686 642 3738; x_wconf 82' lang='lat' dir='ltr'><strong>tratrem</strong></span> <span class='ocrx_word' id='word_1_339' title='bbox 654 3701 726 3739; x_wconf 88' lang='lat' dir='ltr'><strong>suum</strong></span> <span class='ocrx_word' id='word_1_340' title='bbox 737 3687 889 3753; x_wconf 76' lang='lat' dir='ltr'><strong>coronavit,</strong></span> <span class='ocrx_word' id='word_1_341' title='bbox 900 3685 1114 3752; x_wconf 82' lang='lat' dir='ltr'><strong>Zenonegenero</strong></span> <span class='ocrx_word' id='word_1_342' title='bbox 1124 3686 1228 3752; x_wconf 83' lang='lat' dir='ltr'><strong>lugeto.</strong></span> 
     </span>
    </p>

    <p class='ocr_par' dir='ltr' id='par_1_9' title="bbox 120 3753 1227 3893">
     <span class='ocr_line' id='line_1_40' title="bbox 220 3753 1227 3826; baseline -0.003 -20"><span class='ocrx_word' id='word_1_343' title='bbox 220 3753 388 3822; x_wconf 68' lang='lat' dir='ltr'><strong>,Euphemiae</strong></span> <span class='ocrx_word' id='word_1_344' title='bbox 418 3754 508 3806; x_wconf 85' lang='lat' dir='ltr'><strong>uxoris</strong></span> <span class='ocrx_word' id='word_1_345' title='bbox 530 3753 626 3806; x_wconf 90' lang='lat' dir='ltr'><strong>Iustini</strong></span> <span class='ocrx_word' id='word_1_346' title='bbox 651 3753 765 3809; x_wconf 82' lang='lat' dir='ltr'><strong>Thracis</strong></span> <span class='ocrx_word' id='word_1_347' title='bbox 789 3763 877 3810; x_wconf 87' lang='lat' dir='ltr'><strong>statua</strong></span> <span class='ocrx_word' id='word_1_348' title='bbox 900 3754 990 3826; x_wconf 83' lang='lat' dir='ltr'><strong>posita</strong></span> <span class='ocrx_word' id='word_1_349' title='bbox 1013 3753 1105 3807; x_wconf 88' lang='lat' dir='ltr'><strong>estin</strong></span> <span class='ocrx_word' id='word_1_350' title='bbox 1130 3753 1227 3822; x_wconf 84' lang='lat' dir='ltr'><strong>templo</strong></span> 
     </span>
     <span class='ocr_line' id='line_1_41' title="bbox 120 3821 658 3893; baseline 0.002 -17"><span class='ocrx_word' id='word_1_351' title='bbox 120 3823 153 3876; x_wconf 80' lang='lat' dir='ltr'><strong><em>S.</em></strong></span> <span class='ocrx_word' id='word_1_352' title='bbox 168 3821 350 3892; x_wconf 69' lang='lat' dir='ltr'><strong>Euphemiam,</strong></span> <span class='ocrx_word' id='word_1_353' title='bbox 367 3823 437 3893; x_wconf 91' lang='lat' dir='ltr'><strong>quod</strong></span> <span class='ocrx_word' id='word_1_354' title='bbox 453 3824 513 3892; x_wconf 85' lang='lat' dir='ltr'><strong>ipse</strong></span> <span class='ocrx_word' id='word_1_355' title='bbox 529 3823 658 3877; x_wconf 85' lang='lat' dir='ltr'><strong>condidit.</strong></span> 
     </span>
    </p>

    <p class='ocr_par' dir='ltr' id='par_1_10' title="bbox 121 3891 1228 4308">
     <span class='ocr_line' id='line_1_42' title="bbox 225 3891 1227 3958; baseline -0.006 -12"><span class='ocrx_word' id='word_1_356' title='bbox 225 3891 357 3946; x_wconf 77' lang='lat' dir='ltr'><strong>Arcadiae</strong></span> <span class='ocrx_word' id='word_1_357' title='bbox 383 3894 515 3945; x_wconf 88' lang='lat' dir='ltr'><strong>secundae</strong></span> <span class='ocrx_word' id='word_1_358' title='bbox 544 3893 635 3945; x_wconf 84' lang='lat' dir='ltr'><strong>uxoris</strong></span> <span class='ocrx_word' id='word_1_359' title='bbox 663 3892 780 3946; x_wconf 79' lang='lat' dir='ltr'><strong>Zenonis</strong></span> <span class='ocrx_word' id='word_1_360' title='bbox 808 3897 897 3945; x_wconf 83' lang='lat' dir='ltr'><strong>statua</strong></span> <span class='ocrx_word' id='word_1_361' title='bbox 925 3891 1052 3945; x_wconf 86' lang='lat' dir='ltr'><strong>collocata</strong></span> <span class='ocrx_word' id='word_1_362' title='bbox 1078 3897 1121 3943; x_wconf 89' lang='lat' dir='ltr'><strong><em>est</em></strong></span> <span class='ocrx_word' id='word_1_363' title='bbox 1145 3903 1227 3958; x_wconf 86' lang='lat' dir='ltr'><strong>prope</strong></span> 
     </span>
     <span class='ocr_line' id='line_1_43' title="bbox 122 3956 1227 4032; baseline -0.007 -18"><span class='ocrx_word' id='word_1_364' title='bbox 122 3961 238 4030; x_wconf 79' lang='lat' dir='ltr'><strong>gradus,</strong></span> <span class='ocrx_word' id='word_1_365' title='bbox 255 3962 302 4031; x_wconf 78' lang='lat' dir='ltr'><strong><em>qai</em></strong></span> <span class='ocrx_word' id='word_1_366' title='bbox 317 3969 448 4014; x_wconf 84' lang='lat' dir='ltr'><strong>vocantur</strong></span> <span class='ocrx_word' id='word_1_367' title='bbox 465 3960 548 4032; x_wconf 90' lang='lat' dir='ltr'><strong>Topi‚</strong></span> <span class='ocrx_word' id='word_1_368' title='bbox 567 3961 594 4014; x_wconf 92' lang='lat' dir='ltr'><strong><em>in</em></strong></span> <span class='ocrx_word' id='word_1_369' title='bbox 609 3963 720 4032; x_wconf 81' lang='lat' dir='ltr'><strong>regione</strong></span> <span class='ocrx_word' id='word_1_370' title='bbox 737 3961 876 4016; x_wconf 83' lang='lat' dir='ltr'><strong>Michaelis</strong></span> <span class='ocrx_word' id='word_1_371' title='bbox 893 3962 1056 4030; x_wconf 81' lang='lat' dir='ltr'><strong>archangeli,</strong></span> <span class='ocrx_word' id='word_1_372' title='bbox 1072 3960 1101 4012; x_wconf 88' lang='lat' dir='ltr'><strong><em>in</em></strong></span> <span class='ocrx_word' id='word_1_373' title='bbox 1119 3956 1227 4010; x_wconf 83' lang='lat' dir='ltr'><strong>thermis</strong></span> 
     </span>
     <span class='ocr_line' id='line_1_44' title="bbox 121 4026 1227 4106; baseline -0.008 -22"><span class='ocrx_word' id='word_1_374' title='bbox 121 4031 289 4084; x_wconf 78' lang='lat' dir='ltr'><strong>Arcadianis.</strong></span> <span class='ocrx_word' id='word_1_375' title='bbox 324 4031 364 4084; x_wconf 89' lang='lat' dir='ltr'><strong><em>ihi</em></strong></span> <span class='ocrx_word' id='word_1_376' title='bbox 384 4031 445 4084; x_wconf 90' lang='lat' dir='ltr'><strong>olirn</strong></span> <span class='ocrx_word' id='word_1_377' title='bbox 462 4031 536 4083; x_wconf 85' lang='lat' dir='ltr'><strong>Zeno</strong></span> <span class='ocrx_word' id='word_1_378' title='bbox 554 4029 679 4086; x_wconf 87' lang='lat' dir='ltr'><strong>iudicium</strong></span> <span class='ocrx_word' id='word_1_379' title='bbox 696 4032 816 4086; x_wconf 83' lang='lat' dir='ltr'><strong>exercuit</strong></span> <span class='ocrx_word' id='word_1_380' title='bbox 831 4031 859 4084; x_wconf 89' lang='lat' dir='ltr'><strong><em>in</em></strong></span> <span class='ocrx_word' id='word_1_381' title='bbox 875 4049 920 4084; x_wconf 90' lang='lat' dir='ltr'><strong><em>eos</em></strong></span> <span class='ocrx_word' id='word_1_382' title='bbox 938 4031 983 4099; x_wconf 91' lang='lat' dir='ltr'><strong><em>qui</em></strong></span> <span class='ocrx_word' id='word_1_383' title='bbox 999 4026 1120 4082; x_wconf 84' lang='lat' dir='ltr'><strong>Basilisci</strong></span> <span class='ocrx_word' id='word_1_384' title='bbox 1137 4031 1227 4106; x_wconf 74' lang='lat' dir='ltr'><strong>partes</strong></span> 
     </span>
     <span class='ocr_line' id='line_1_45' title="bbox 123 4100 1228 4175; baseline -0.004 -25"><span class='ocrx_word' id='word_1_385' title='bbox 123 4101 209 4152; x_wconf 85' lang='lat' dir='ltr'><strong>secuti</strong></span> <span class='ocrx_word' id='word_1_386' title='bbox 230 4103 352 4165; x_wconf 83' lang='lat' dir='ltr'><strong>luerent,</strong></span> <span class='ocrx_word' id='word_1_387' title='bbox 378 4107 408 4157; x_wconf 80' lang='lat' dir='ltr'><strong>et</strong></span> <span class='ocrx_word' id='word_1_388' title='bbox 427 4101 512 4154; x_wconf 87' lang='lat' dir='ltr'><strong>locum</strong></span> <span class='ocrx_word' id='word_1_389' title='bbox 534 4100 604 4154; x_wconf 87' lang='lat' dir='ltr'><strong>illum</strong></span> <span class='ocrx_word' id='word_1_390' title='bbox 629 4103 696 4154; x_wconf 82' lang='lat' dir='ltr'><strong>fecit</strong></span> <span class='ocrx_word' id='word_1_391' title='bbox 718 4102 865 4156; x_wconf 73' lang='lat' dir='ltr'><strong>secretum.</strong></span> <span class='ocrx_word' id='word_1_392' title='bbox 900 4100 999 4171; x_wconf 89' lang='lat' dir='ltr'><strong>primae</strong></span> <span class='ocrx_word' id='word_1_393' title='bbox 1024 4103 1110 4149; x_wconf 85' lang='lat' dir='ltr'><strong>autem</strong></span> <span class='ocrx_word' id='word_1_394' title='bbox 1136 4110 1228 4175; x_wconf 70' lang='lat' dir='ltr'><strong>uxores</strong></span> 
     </span>
     <span class='ocr_line' id='line_1_46' title="bbox 122 4168 1228 4242; baseline -0.005 -22"><span class='ocrx_word' id='word_1_395' title='bbox 122 4168 180 4220; x_wconf 88' lang='lat' dir='ltr'><strong>eius</strong></span> <span class='ocrx_word' id='word_1_396' title='bbox 197 4168 327 4222; x_wconf 84' lang='lat' dir='ltr'><strong>Ariadnae</strong></span> <span class='ocrx_word' id='word_1_397' title='bbox 344 4169 483 4238; x_wconf 81' lang='lat' dir='ltr'><strong>ipsiusque</strong></span> <span class='ocrx_word' id='word_1_398' title='bbox 498 4169 612 4222; x_wconf 87' lang='lat' dir='ltr'><strong>Zenonis</strong></span> <span class='ocrx_word' id='word_1_399' title='bbox 630 4179 735 4227; x_wconf 67' lang='lat' dir='ltr'><strong>uuluae</strong></span> <span class='ocrx_word' id='word_1_400' title='bbox 754 4173 858 4242; x_wconf 77' lang='lat' dir='ltr'><strong>positae</strong></span> <span class='ocrx_word' id='word_1_401' title='bbox 877 4168 991 4224; x_wconf 87' lang='lat' dir='ltr'><strong>suntad</strong></span> <span class='ocrx_word' id='word_1_402' title='bbox 1008 4169 1111 4235; x_wconf 83' lang='lat' dir='ltr'><strong>portam</strong></span> <span class='ocrx_word' id='word_1_403' title='bbox 1127 4178 1228 4230; x_wconf 77' lang='lat' dir='ltr'><strong>regiam</strong></span> 
     </span>
     <span class='ocr_line' id='line_1_47' title="bbox 122 4237 520 4308; baseline 0.008 -19"><span class='ocrx_word' id='word_1_404' title='bbox 122 4237 215 4289; x_wconf 86' lang='lat' dir='ltr'><strong>domus</strong></span> <span class='ocrx_word' id='word_1_405' title='bbox 232 4248 400 4308; x_wconf 87' lang='lat' dir='ltr'><strong>nuncupatae</strong></span> <span class='ocrx_word' id='word_1_406' title='bbox 416 4255 520 4292; x_wconf 82' lang='lat' dir='ltr'><strong>aereae.</strong></span> 
     </span>
    </p>
   </div>
   <div class='ocr_carea' id='block_1_5' title="bbox 168 4296 1021 4386">
    <p class='ocr_par' dir='ltr' id='par_1_11' title="bbox 168 4296 1021 4386">
     <span class='ocr_line' id='line_1_48' title="bbox 168 4296 1021 4386; baseline 0.005 -20"><span class='ocrx_word' id='word_1_407' title='bbox 168 4314 270 4385; x_wconf 83' lang='lat' dir='ltr'><strong>Georg.</strong></span> <span class='ocrx_word' id='word_1_408' title='bbox 293 4315 358 4369; x_wconf 84' lang='lat' dir='ltr'><strong><em>Cod.</em></strong></span> <span class='ocrx_word' id='word_1_409' title='bbox 381 4317 414 4370; x_wconf 84' lang='lat' dir='ltr'><strong>de</strong></span> <span class='ocrx_word' id='word_1_410' title='bbox 436 4314 513 4386; x_wconf 78' lang='lat' dir='ltr'><strong><em>urig.</em></strong></span> <span class='ocrx_word' id='word_1_411' title='bbox 535 4315 583 4386; x_wconf 77' lang='lat' dir='ltr'><strong><em>cp.</em></strong></span> <span class='ocrx_word' id='word_1_412' title='bbox 1001 4296 1021 4359; x_wconf 75' lang='grc'><strong>3</strong></span> 
     </span>
    </p>
   </div>
   <div class='ocr_carea' id='block_1_6' title="bbox 0 0 1412 4636">
    <p class='ocr_par' dir='ltr' id='par_1_12' title="bbox 0 0 1412 4636">
     <span class='ocr_line' id='line_1_49' title="bbox 0 0 1412 4636; baseline 0 0"><span class='ocrx_word' id='word_1_413' title='bbox 0 0 1412 4636; x_wconf 95' lang='lat' dir='ltr'><strong><em> </em></strong></span> 
     </span>
    </p>
   </div>
  </div>
 </body>
</html>
