2802 4636
121 277 146 346 8
459 273 678 344 GEORGIUS
705 276 892 344 CODINUS

121 469 299 556 συνέτρεχον
325 467 359 534 δὲ
383 468 434 530 καί
460 466 490 532 οἶ
514 473 570 550 τῆς
582 462 731 544 Ἑλλάδος
754 471 935 552 κρατοῦντες
960 467 1011 532 καί
1025 466 1151 534 Ῥοδίων
1176 469 1231 534 οῦκ

121 569 386 660 εὐκαταφρόνητος
404 565 533 652 δόναμις
552 567 569 634 ὅ
588 595 620 636 τε
637 575 693 654 τῆς
708 569 840 654 γείτονος
856 567 1059 654 Χαλκηδόνος
1076 568 1233 658 τοπάρχης

120 672 265 755 Διναιός,
284 677 316 740 ἐκ
334 671 492 760 Μεγάρων
509 672 634 751 άποικος
653 676 747 740 ἐκεῖσε
764 671 922 758 γενόμενος
942 671 987 740 ιδ’
1004 673 1098 742 ἴτεσιν
1115 675 1232 764 ἔμπρο-

121 785 198 847 σθεν
224 785 279 862 τῆς
304 775 460 858 Βύζαντος
487 777 665 864 αῦταρχίας.
729 765 906 862 Χαλκηδών
934 778 968 843 δὲ
994 776 1171 861 ὠνόμασται
1195 779 1231 845 τδ

115 884 248 969 χωρίον,
275 879 317 960 ιῦς
333 882 388 965 μέν
405 881 483 958 τινίς
500 906 610 968 φασιν,
637 881 698 947 ἀπὸ
717 889 772 946 τοῦ
790 878 992 966 Χαλκηδόνος
1008 889 1169 966 ποταμοῦ,
1189 881 1258 962 sirco

119 989 153 1053 δὲ
171 987 266 1074 ίτεροι
274 1033 285 1067 ,
304 985 435 1052 ἀπὸτοῦ
454 985 565 1061 παιδὸς
583 983 764 1070 Κάλχαντος
780 993 836 1052 τοῦ
852 983 1008 1070 μάντεως,
1033 985 1160 1075 ῦστερον
1177 993 1234 1053 τοῦ

121 1096 265 1177 Τρωικοῦ
290 1090 425 1173 πολέμου
450 1091 622 1174 γενομένου.
673 1088 761 1155 ἄλλοι
789 1091 823 1155 δὲ
848 1089 908 1156 ἀπὸ
931 1092 1090 1167 Χαλκίδος
1115 1087 1233 1168 πόλεως

47 1202 176 1279 Ρ4τῆς
193 1195 330 1277 Εὖβοίας
348 1193 481 1260 ἀποίκων
505 1196 599 1260 ἓκεῖσε
622 1195 928 1281 παραπεμφθέντων,
955 1191 1009 1270 οῦς
1037 1194 1075 1278 δὴ
1103 1197 1155 1258 καὶ
1177 1223 1233 1260 τυ-

120 1299 219 1388 φλοῦς
236 1295 400 1377 ἐκάλεσαν,
426 1293 665 1384 παρειορακότας
681 1297 716 1361 τὸ
732 1293 912 1377 Βυζάντιον.
964 1294 1006 1374 ὡς
1033 1298 1067 1362 δὲ
1093 1289 1148 1363 οῦν
1174 1298 1231 1365 σῦν

119 1405 237 1470 πλείοσι
261 1405 367 1467 ναυσὶν
385 1399 401 1466 ὅ
420 1401 550 1478 Διναιδς
575 1405 618 1478 εἷς
641 1405 820 1486 συμμαχίαν
838 1393 893 1486 ἧκε
911 1406 967 1466 τοῦ
985 1398 1160 1481 Βύζαντος,
1186 1402 1231 1486 μὴ
1240 1407 1277 1462 10

121 1510 266 1591 δυνηθεὶς
283 1511 498 1592 προσορμῆσαι
516 1511 554 1592 τῇ
572 1503 674 1583 πόλει,
701 1504 772 1592 ι’ίρτι
790 1512 845 1572 τοῦ
868 1505 1020 1587 βασιλέως
1047 1505 1148 1572 αὐτῶν
1166 1505 1234 1572 Βό-

120 1615 226 1692 ζαντος
242 1608 488 1693 μεταλλάξαντος
506 1612 558 1674 καὶ
575 1616 631 1676 τοῦ
648 1605 749 1692 δήμου
766 1609 880 1686 παντὸς
896 1611 927 1674 ἒν
940 1609 1055 1700 ἀγωνία
1066 1607 1235 1695 τυγχάνον·

118 1743 171 1796 τος
176 1763 187 1794 ,
212 1716 291 1801 πρὸς
313 1713 366 1781 τδν
383 1710 569 1796 καλούμενον
583 1711 766 1779 Ἀνάπλουν
784 1713 928 1800 άφίκετο,
947 1711 1026 1778 ἔνθα
1045 1715 1096 1778 καὶ
1115 1715 1235 1800 διατρί-

117 1839 185 1903 ψας
197 1818 319 1884 Ἑστίαν
336 1817 390 1884 τὸν
407 1815 502 1884 τόπον
521 1815 672 1900 ὠνόμασε.
723 1816 833 1904 μικρόν
849 1842 882 1902 γε
897 1817 960 1902 μὴν
976 1815 1104 1904 ὕστερον
1122 1818 1236 1900 διαβὰς

119 1926 151 1990 ἓν
175 1929 215 2010 τῇ
237 1919 323 1988 πόλει
347 1925 399 1987 καὶ
425 1921 497 1998 τοῦς
519 1920 702 2008 βαρβάρους
733 1919 934 2006 ἀπωσάμενος
968 1919 1109 2008 διότερον
1139 1922 1276 1998 αῦτδς15

119 2023 324 2114 ἐστρατήγησε
348 2032 403 2090 τοῦ
429 2023 530 2110 δήμου
554 2031 615 2091 τῶν
633 2027 819 2104 Βυζαντίων.
870 2023 943 2090 καθ’
964 2023 1018 2101 οῦς
1031 2022 1165 2112 χρόνους
1183 2029 1235 2092 καὶ

120 2129 296 2218 δρακόντων
314 2136 441 2194 πλεῖστα
457 2130 526 2212 γίνη
544 2131 724 2216 ἐπεφοίτησε
741 2135 780 2215 τῇ
796 2125 883 2195 πόλει
907 2130 958 2194 καὶ
982 2128 1054 2206 τοῦς
1078 2133 1236 2206 οἶκοῦντας

120 2235 198 2321 αὐτῇ
217 2234 409 2318 διέφθειρεν·
437 2229 491 2306 οῦς
509 2230 548 2314 δὴ
567 2237 606 2317 τῇ
622 2238 683 2296 τῶν
700 2233 896 2313 καλουμένων
919 2237 1079 2317 πελαργῶν
1102 2235 1237 2323 ἓπιφορηῖ
1268 2310 1270 2314 Ι

80 2345 103 2396 Β
122 2338 354 2424 διεχειρίσαντο,
372 2335 570 2410 Ποσειδῶνος
588 2333 709 2412 αῦτοΐς,
728 2327 771 2410 ὡς
787 2336 884 2422 φασί,
903 2335 1153 2422 συνεργήσαντος.
1197 2337 1233 2404 οῦ

118 2441 197 2524 μετὰ
214 2438 291 2504 παλδ’
311 2438 344 2502 δὲ
361 2443 422 2504 suiv
442 2438 575 2524 ὀρνίθων
594 2437 698 2514 αὐτοῖς
713 2437 834 2504 ἐναντία
852 2435 1048 2526 φρονοῦντων
1065 2445 1116 2505 καὶ
1130 2438 1278 2506 deiru-20

120 2572 174 2610 τον
197 2543 241 2609 ἔτι
268 2539 442 2627 ἐπαγόντων
450 2589 460 2622 ,
486 2538 559 2619 τοῦς
581 2568 613 2608 τε
639 2537 858 2625 άλισκομίνους
884 2541 971 2630 όφεις
994 2543 1072 2630 πρὸς
1100 2545 1157 2622 τάς
1173 2551 1235 2610 τῶν

121 2645 243 2714 ῦδότων
269 2647 435 2728 δεξαμενάς
460 2643 696 2726 άκοντιζόντων,
722 2649 773 2712 καὶ
802 2655 866 2722 τοῖς
888 2673 922 2732 γε
947 2649 1084 2724 πολίταις
1108 2651 1140 2714 ἐν
1167 2631 1235 2725 ταῖς

121 2749 291 2840 λεωφόροις
324 2750 450 2838 ἀφανῶς
474 2750 709 2838 ἒφαλλομίνων,
741 2751 774 2814 ἓν
799 2750 919 2840 άφασίρι
944 2751 1104 2816 διετίλουν.
1156 2753 1235 2838 ἀνὴρ

190 2913 325 2976 δδίνεως
341 2913 408 2968 Hes.
485 2913 644 2984 μεγαραίεου
662 2907 744 2966 Vat'
805 2907 976 2982 ddzcoys'ue
992 2914 1045 2968 alii.
1124 2915 1157 2970 19
1176 2915 1232 2968 διε-

189 2982 410 3109 ηρηρρρρτριὲρῐ.
514 2985 550 3038 20
567 2979 704 3037 davaiaco
722 2979 818 3037 αἰτίαν
835 2977 879 3038 iu.
898 2985 966 3038 Hes.
1065 2983 1100 3038 23
1118 2979 1232 3072 ἐπιβαλ-

121 3193 250 3262 Scythica
267 3193 341 3248 natio
359 3198 489 3248 commota
507 3200 562 3248 est:
592 3194 811 3262 praestantissimi
836 3196 914 3250 etiam
935 3198 1097 3250 Graecorum
1115 3198 1142 3247 et
1159 3193 1234 3247 Rho-

121 3267 224 3318 diorum
240 3281 292 3316 uon
311 3265 518 3318 contemnendae
534 3265 627 3334 copiae
644 3273 839 3334 convenerunt,
869 3283 974 3335 unaque
998 3265 1104 3318 vicinae
1121 3266 1234 3318 Chalce-

121 3335 197 3388 donis
217 3333 335 3387 dominus
351 3335 486 3401 Dicaeus,
513 3334 559 3403 qui
575 3334 688 3388 deducta
706 3335 824 3403 Megaris
849 3337 951 3388 colonia
969 3335 1140 3388 novendecim
1158 3334 1235 3386 annis

123 3412 184 3457 ante
200 3403 330 3470 Byzantia
353 3404 441 3474 princi
461 3413 531 3456 atum
555 3403 644 3456 aedem
662 3405 716 3456 illie
741 3405 792 3456 sibi
813 3407 941 3474 elegerat.
978 3405 1130 3458 Chalcedon
1146 3411 1236 3456 autem

121 3474 254 3542 appellata
272 3479 329 3538 est,
355 3480 386 3526 ut
401 3475 508 3542 quadarn
525 3473 635 3538 volunt,
665 3473 783 3526 alluvio
800 3475 985 3539 Chalcedone,
1011 3475 1067 3526 sive
1085 3480 1116 3526 ut
1133 3473 1194 3538 alii,
1219 3489 1235 3524 a

122 3543 277 3596 Calchantis
294 3543 365 3596 vatis
382 3543 454 3612 filio,
473 3543 519 3613 qui
535 3552 597 3612 post
608 3539 752 3596 Troianum
771 3545 867 3598 bellum
884 3545 965 3597 vixit:
984 3545 1027 3596 alii
1047 3561 1111 3595 vero
1123 3561 1140 3594 a
1153 3543 1236 3594 Chul-

122 3612 181 3666 cide
198 3613 326 3666 Euboeae
343 3613 425 3677 urbe,
452 3613 521 3666 uude
539 3612 611 3665 missi
627 3612 670 3665 illo
689 3613 791 3680 coloni,
816 3631 882 3684 quos
901 3622 928 3666 et
946 3630 1040 3666 caecos
1059 3613 1234 3681 appellarunt,

122 3682 193 3752 quod
223 3684 306 3734 solum
333 3683 461 3750 Byzantii
486 3700 539 3734 non
567 3681 824 3738 animadvertissent.
872 3691 1006 3736 caeterum
1032 3681 1148 3734 Dinaeus
1176 3697 1234 3734 eum

122 3769 215 3822 magua
231 3752 314 3804 classe
331 3753 512 3822 suppetiatum
523 3751 640 3820 Byzanti
656 3752 782 3817 veniens,
799 3770 858 3806 cum
876 3753 1017 3806 adurbem
1031 3752 1165 3822 appellere
1182 3767 1235 3802 non

121 3828 213 3891 posset
230 3822 353 3889 Byzanta
370 3822 427 3874 eius
447 3840 511 3890 rege
529 3823 607 3892 paulo
631 3828 693 3874 ante
711 3823 835 3874 defuncto
853 3831 882 3876 et
898 3825 1023 3875 universo
1041 3822 1138 3890 populo
1157 3837 1189 3872 ea
1206 3837 1236 3870 re

121 3893 298 3962 perturbato,
315 3892 348 3944 ad
365 3891 508 3961 Anaplum‚
527 3901 558 3944 ut
574 3898 688 3957 vocant,
712 3893 854 3960 pervenit,
883 3894 974 3962 ibique
991 3897 1162 3944 commoratus
1180 3889 1237 3940 He-

122 3962 189 4014 stias
207 3963 266 4016 loco
284 3979 377 4014 nomen
395 3962 477 4014 dedit.
515 3979 564 4014 nec
581 3963 661 4013 multo
678 3968 740 4030 post
756 3963 846 4014 urbem
862 3963 998 4031 ingressus
1018 3967 1075 4026 est,
1092 3969 1121 4012 et
1137 3960 1236 4012 barba-

124 4031 162 4083 ris
186 4032 337 4101 profligatis
360 4031 418 4100 ipsa
442 4031 572 4084 secundus
590 4031 779 4098 Byzantiorum
806 4040 953 4101 praeturam
971 4032 1063 4098 gessit.
1101 4031 1150 4082 ba'c
1168 4035 1234 4080 tern-

125 4106 232 4168 pestate
248 4102 324 4154 varia
341 4109 491 4170 serpentum
512 4117 611 4169 genera
630 4101 721 4151 urbem
745 4101 908 4154 infestabant
927 4111 954 4154 et
971 4099 1113 4170 perniciem
1132 4097 1235 4150 civibus

126 4169 289 4238 afferebant,
315 4187 382 4240 quaes
399 4171 518 4240 Neptuni
537 4187 604 4238 ope,
633 4175 663 4220 ut
679 4169 767 4235 aiunt,
794 4171 953 4224 ciconiarum
972 4177 1135 4237 superventu
1152 4168 1237 4218 inter-

125 4239 257 4292 fecerunt.
292 4241 371 4310 paulo
389 4248 452 4310 post
469 4255 526 4291 cum
545 4255 609 4291 aves
626 4238 759 4290 inimicum
771 4239 881 4294 animum
899 4240 1064 4303 induissent,
1082 4243 1234 4305 serpentes·

126 4323 178 4376 que
197 4325 264 4376 quos
282 4319 407 4380 ceperant
423 4310 450 4362 in
468 4309 597 4362 cisternas
615 4307 792 4376 proiicereut,
823 4317 851 4364 et
868 4309 940 4364 cives
958 4310 986 4362 iu
1009 4307 1105 4378 plateis
1122 4305 1236 4375 publicis
