2814 4608
166 253 240 328 272
475 241 652 313 MEURSII
676 243 734 310 ET
759 239 964 308 LAMBECII

250 455 280 516 p.
305 429 365 498 106
387 449 416 490 v.
435 431 468 496 6.
508 425 584 486 haec
604 435 649 485 est
665 419 855 504 Theophano
869 440 925 481 seu
937 419 1157 502 Theophanis,
1178 424 1284 502 prima

164 523 277 586 Leonis
299 516 450 598 Sapientis
471 516 599 587 coniux,
622 512 707 571 cuius
730 509 932 568 anniversaria
951 511 1099 570 memoria
1118 528 1135 566 a
1153 509 1283 572 Graecis

166 613 276 672 colitur
298 607 338 668 16
361 601 409 660 die
430 599 613 658 Decembris.
664 595 702 655 de
725 598 789 654 eius
810 597 927 674 origine
948 592 1023 656 haec
1044 596 1136 656 verba
1157 593 1283 656 haben-

165 707 215 758 tur
235 697 268 754 iu
289 689 477 766 Menologio:
505 684 641 764 ὑπῆρχεν
662 682 692 758 ἐξ
714 682 839 762 αἵματος
860 683 1033 763 βασιλικοῦ,
1055 678 1113 762 τήν
1134 679 1283 763 γέννησιν

166 781 274 864 ἔχουσα
295 779 326 842 ln
347 778 409 836 τοῖν
429 771 635 852 περιβλέπτων
658 769 893 849 Μαρτινοιιιίων,
919 765 1058 850 θυγάτηρ
1081 770 1282 831 novemve!-

164 891 222 932 νον
240 861 298 946 τὴν
319 854 406 936 cilius
429 857 616 940 lllovorqloo
636 853 688 916 sul
711 849 954 934 μητρὸςἍννης
975 853 1008 918 ἐκ
1024 857 1087 915 τοῖν
1106 847 1165 931 ἀφ’
1184 852 1279 932 ἡλίου

163 949 322 1016 οἷνεπολοῖν
344 943 529 1025 ὁρμωμένοις.
572 939 645 1000 hinc
673 951 756 1020 patet
780 933 984 1019 Μορτινᾶιιην
1006 950 1036 998 at
1059 935 1279 1020 Mopesvoimov

162 1059 225 1098 non
255 1055 320 1096 esse
344 1051 457 1090 nomen
477 1029 649 1109 proprium,
681 1024 735 1085 sed
757 1045 917 1084 commune
939 1045 1107 1104 cognomen
1127 1025 1277 1088 familiae.

163 1125 207 1184 sic
235 1120 449 1182 Constantinus
470 1125 557 1194 pater
577 1110 816 1193 Theophanouis
838 1131 857 1169 a
877 1114 996 1172 Zonara
1018 1113 1198 1192 simpliciter
1217 1133 1278 1172 vo.

163 1220 246 1270 ottut
268 1207 287 1272 d
309 1197 527 1285 Μαρτινοὶκιος.
570 1201 675 1259 Lsnu.

248 1331 277 1390 p.
297 1309 357 1372 105
379 1307 478 1368 v.10.
521 1303 719 1384 μαγκλαβῑτοι
740 1299 1006 1358 Graeco-barbaris
1025 1307 1173 1357 vocantur
1193 1299 1276 1355 iani-

165 1407 241 1456 tores
261 1395 352 1454 autre
373 1390 593 1468 imperatoriae,
622 1385 705 1467 quod
727 1381 898 1466 μογιιλᾰβια
919 1405 973 1444 seu
995 1387 1094 1444 claves
1116 1386 1274 1444 manuales

165 1493 282 1562 gestare
316 1479 458 1537 solerent.
501 1471 548 1532 his
576 1493 645 1530 cum
674 1473 798 1530 nomine
825 1481 892 1528 tum
918 1492 950 1529 ra
976 1473 1043 1551 ipsa
1072 1471 1274 1550 aequivalent‚

165 1571 219 1650 qui
250 1565 401 1644 hodieque
430 1563 462 1618 in
489 1560 664 1620 Italicorum
685 1559 858 1638 principum
879 1558 956 1616 aulis
978 1567 1126 1617 vocantur
1147 1555 1174 1613 li
1190 1577 1275 1615 mos-

166 1655 246 1713 aiers'.
286 1655 391 1710 Lana.

249 1773 280 1834 p.
304 1749 367 1815 100
388 1767 417 1806 v·
439 1747 490 1810 12.
536 1738 713 1824 Μᾶμαντα]
735 1741 806 1802 vide
828 1764 859 1824 p.
877 1743 939 1808 115
957 1763 987 1805 v.
1003 1744 1045 1807 12
1061 1763 1129 1824 sqq.
1169 1744 1273 1804 Lm,

249 1874 280 1934 p·
305 1850 365 1916 105
386 1869 416 1910 ν.
438 1851 488 1912 16.
530 1843 568 1908 col
593 1846 803 1928 διακονίσσης]
831 1847 980 1925 templum
1000 1845 1060 1904 fuit
1081 1851 1116 1906 B.
1132 1847 1271 1923 Virginis,

165 1952 201 2004 ut
220 1949 347 2001 testatur
367 1939 499 1996 Zonaras
520 1935 553 1992 in
573 1935 728 1993 Mauricio.
771 1935 869 1992 unu.
1070 1939 1073 1942 '

250 2061 282 2121 p.
306 2041 367 2104 106
387 2058 416 2097 v.
439 2033 470 2098 4.
513 2030 749 2114 Λεωμᾶιιελλον]
773 2033 881 2095 Codini
903 2033 1004 2112 opinio
1025 2031 1064 2092 de
1086 2034 1199 2092 ratione
1217 2053 1275 2092 no-

165 2129 259 2190 minis
281 2124 372 2185 huius
394 2124 453 2182 loci
473 2121 551 2180 falsa
572 2131 627 2185 est.
670 2141 742 2179 nam
761 2115 979 2200 Λεωμᾶκελλος
998 2129 1028 2178 et
1046 2118 1275 2199 Λεονμακέλλιον

167 2225 197 2273 et
226 2214 471 2291 Λεωμαιιελλεῐον
501 2206 610 2266 dicitur
637 2207 798 2266 macellum
814 2205 989 2284 publicum,
1019 2205 1276 2287 quemadmodum
1388 2205 1389 2269 l

165 2293 316 2378 λεῶβατος
338 2305 367 2350 et
387 2285 542 2370 λεωφόρος
562 2285 633 2364 ὁδός
652 2296 703 2350 νέα
716 2291 854 2369 publica.
896 2293 993 2351 Lana.

250 2418 281 2477 p·
304 2396 365 2458 106
387 2414 417 2453 v.
440 2393 491 2456 13.
533 2411 641 2451 verum
663 2392 787 2472 quidem
810 2405 855 2452 est
877 2394 960 2475 quod
980 2393 1037 2454 hoc
1056 2395 1122 2454 loco
1141 2391 1276 2453 Codinus

167 2485 226 2558 ait,
259 2483 446 2540 Marcianum
473 2479 686 2556 imperatorem
713 2477 876 2539 Anthemio
906 2481 998 2539 filiam
1024 2497 1108 2537 suam
1138 2477 1277 2556 despon-

166 2568 263 2643 disse,
289 2564 343 2624 sed
364 2565 476 2622 falsum
496 2573 541 2622 est
561 2561 642 2644 quod
664 2562 765 2637 addit,
785 2563 983 2624 Anthemium
1003 2565 1039 2622 ab
1060 2561 1164 2622 eodem
1186 2566 1276 2622 Mar·-

166 2655 252 2713 oiano
280 2653 410 2710 Romam
435 2650 563 2708 missum
590 2659 679 2730 atque
701 2652 916 2728 imperatorem
938 2648 1103 2711 Occidentis
1124 2651 1277 2707 constitu-

165 2751 232 2800 tum
258 2739 363 2802 fuisse.
405 2745 523 2796 constat
551 2736 633 2792 enlm
653 2734 854 2796 Anthemium
874 2740 1003 2797 Romam
1023 2755 1076 2815 pro
1096 2737 1278 2814 imperatore

168 2827 342 2905 ablegatum
362 2823 456 2882 luisse
477 2824 594 2880 Pusaeo
617 2830 647 2880 et
668 2825 781 2882 Ioanne
803 2842 884 2898 coss,
917 2843 996 2883 anno
1019 2821 1136 2881 decimo
1156 2823 1278 2902 imperii
1387 2817 1388 2902 l

166 2915 293 2988 Leonis,
316 2912 369 2990 qui
390 2920 460 2988 post
481 2905 633 2967 Christum
655 2919 762 2968 natum
782 2919 827 2968 est
845 2907 919 2973 467.
962 2912 1061 2970 Lam.

251 3018 283 3076 P.
306 3000 368 3060 107
389 3015 418 3054 v.
439 2997 469 3057 6.
515 2993 678 3071 Φοίνικος]
712 2992 800 3053 credo
827 2995 1062 3074 intelligendum
1085 3011 1151 3051 esse
1172 2986 1206 3054 sd
1225 2993 1277 3070 τῆς

166 3082 287 3154 Aunios
308 3075 438 3161 vadosos
460 3071 681 3160 ὀνομαζόμενον
703 3081 845 3158 φοίνικα,
877 3084 961 3141 onius
982 3079 1123 3141 meminit
1144 3077 1276 3137 Zonaras

166 3168 199 3224 in
222 3170 385 3227 Constante
405 3175 515 3244 nepote
536 3166 676 3224 Heraclii.
717 3168 815 3229 nun.

250 3272 280 3330 p.
302 3255 362 3315 107
383 3271 413 3310 ν.
432 3255 462 3314 7.
507 3251 623 3328 Γαϊνᾶ]
646 3249 684 3310 de
702 3251 798 3310 Gaina
818 3252 943 3330 patricio
964 3259 994 3308 et
1011 3249 1138 3308 interitu
1154 3248 1217 3306 eius
1236 3247 1274 3305 ob

167 3334 340 3396 affectatum
361 3339 523 3416 imperium
542 3337 735 3396 Marcellinus
758 3338 866 3398 Comes
888 3335 927 3395 ad
948 3356 1016 3396 ann.
1036 3335 1109 3398 395.
1152 3335 1248 3392 Lm.

250 3441 282 3500 p·
305 3423 368 3486 107
389 3443 419 3480 v.
443 3423 492 3488 15.
537 3426 642 3499 Κῦρος
662 3422 714 3484 nul
737 3423 781 3499 εἰς
799 3420 890 3502 ἄλλο]
920 3423 1030 3482 similis
1058 3417 1131 3478 huic
1156 3430 1201 3478 est
1222 3419 1275 3476 illa

166 3508 342 3566 acclamatio
363 3527 394 3586 p.
413 3507 453 3573 41
473 3528 502 3567 v.
524 3512 556 3570 1:
580 3509 802 3592 Καλλίστρατος
822 3502 948 3588 εὐτυχής
968 3506 1020 3570 καὶ
1042 3505 1086 3579 εἰς
1108 3501 1181 3568 ἄλλο
1202 3527 1276 3586 προ-

165 3590 271 3672 sirpea-
315 3603 467 3652 caeterum
487 3595 520 3650 in
542 3591 689 3654 Chronico
706 3591 930 3670 Alexandrino,
951 3594 1006 3652 ubi
1022 3590 1131 3650 eadem
1146 3589 1184 3648 da
1199 3590 1276 3670 Gyro

166 3679 317 3759 praefecto
340 3690 370 3738 et
390 3677 564 3738 Theodosio
585 3681 702 3738 iuniore
722 3690 899 3755 narrantur,
934 3677 1053 3739 diversa
1072 3675 1202 3735 habetur
1225 3695 1277 3734 ac-

167 3767 325 3826 clamatio:
348 3769 578 3838 Κωνοταντῖνος
598 3763 692 3826 irrasos
699 3811 708 3842 ‚
731 3769 836 3848 Κῦρος
853 3760 1030 3828 α’νενὲοισεν.
1072 3763 1174 3822 LAMB-

251 3872 283 3930 p.
306 3853 368 3914 108
391 3871 419 3909 v.
440 3851 471 3912 5.
514 3850 753 3909 Ammodulr'um
789 3853 923 3931 pyramis
959 3860 1023 3909 erat
1057 3847 1276 3930 quadrilaterae

167 3935 309 3994 insistens
329 3935 413 4007 basi,
442 3936 475 3991 in
497 3937 582 3996 cuius
603 3938 688 4015 apice
709 3939 906 3997 simulacrum
924 3939 1059 4017 positum
1079 3945 1162 4010 erat,
1192 3942 1277 3991 motu

167 4038 223 4078 suo
238 4032 344 4081 ventos
357 4015 504 4081 indicans.
535 4017 626 4079 huius
640 4025 781 4082 meminit
793 4025 911 4084 Nicetes
926 4021 1088 4083 (lhoniates
1102 4043 1133 4102 p.
1144 4019 1210 4088 857
1237 4019 1278 4082 10

167 4103 264 4166 Boon.
318 4102 470 4164 cedrenus
509 4105 552 4160 ait
587 4109 777 4168 nominatum
807 4110 901 4168 fuisse
934 4101 1155 4190 ἅνεμοδήριον,
1191 4103 1279 4185 quasi
1385 4151 1386 4174 r

168 4177 287 4263 ἆνέμοιν
323 4191 412 4266 δῆριν
446 4187 509 4246 sive
544 4201 693 4250 certamen
726 4204 892 4256 ventorum.
942 4213 1112 4273 anonymus
1141 4193 1176 4250 in
1207 4189 1279 4250 col-

167 4263 236 4327 lect.
265 4289 297 4331 n·
328 4273 391 4337 183
421 4263 640 4356 ἆνεροδούριον
667 4291 771 4358 vocat,
801 4280 900 4361 posito
928 4303 946 4365 ρ
972 4299 1027 4362 pro
1053 4283 1083 4343 λ.
1136 4276 1279 4338 similiter
