2808 4616
482 281 540 345 DE
565 277 791 346 AEDIFICIIS
819 276 879 344 GP.
1157 272 1230 344 115

126 463 235 557 πρώην
259 467 314 550 μὲν
340 463 357 532 ό
379 470 558 560 Μοαρίκιος
580 467 841 556 ἀρμαμενταρεῖον
864 463 938 531 αάτδ
961 462 1074 543 ίκτισε,
1099 464 1174 546 μετὰ
1201 467 1233 530 δὲ

122 569 257 659 κρόνους
282 567 353 654 σμη’
385 567 531 660 Θεοδῶρα
558 567 578 655 ή
604 572 679 658 γονή
707 571 861 658 Θεοφίλου
886 574 942 635 τοῦ
964 568 1114 652 βασιλέως
1136 568 1233 653 μονήν

127 675 204 743 αὐτὸ
222 674 348 758 ἐποίησε.

230 812 278 877 Τά
300 813 464 902 Πικριδίοα
489 810 585 878 ξ’κτισε
603 813 765 899 Πικρίδιος
782 806 798 875 ὁ
817 805 1012 898 κοιτιονόριος
1027 811 1059 875 ἓν
1075 816 1140 886 τοῖς
1151 804 1229 894 χρό-
1245 819 1270 872 D

97 925 190 993 ὄνοις
205 913 339 1002 Εἰρήνης
354 922 409 1001 τῆς
421 917 597 1000 Ἀθηναίας.

227 1052 274 1119 Τδ
299 1053 333 1118 δὲ
357 1053 545 1120 Καστίλλιον
563 1051 707 1140 Τιβέριος
724 1049 836 1117 ἔκτισεν
853 1048 869 1119 ὅ
886 1048 1031 1132 βασιλεὺς
1048 1046 1064 1115 ὃ
1082 1048 1230 1136 πενθερὸς

121 1157 303 1245 Μανρικίοο
334 1156 386 1221 διά
416 1155 451 1222 τδ
477 1155 520 1240 μὴ
547 1162 657 1223 καῦσαι
682 1155 734 1220 τὸν
757 1152 866 1221 πόλον
890 1154 985 1220 αὐτοῦ
1008 1151 1155 1239 Χάγανον
1176 1154 1229 1220 τδν

120 1258 258 1346 ἀρχοντα
282 1262 492 1346 Βοολγαρίας·
525 1260 616 1324 ἐκεῖσε
641 1257 699 1344 γὰρ
723 1257 763 1324 τὰ
785 1264 878 1324 aloia
901 1256 993 1343 ἤγαγε
1017 1252 1229 1334 καστελλιόσας

121 1366 173 1429 καί
191 1361 351 1450 ὀχυρώσας
370 1362 449 1428 αάτδι
468 1365 570 1428 ἐκεῖσε.

69 1510 113 1565 10
226 1505 259 1563 Τ
257 1498 292 1565 δν
308 1495 548 1587 ἀρχιστράτηγον
564 1497 620 1564 τόν
638 1502 679 1575 τίς
695 1497 748 1564 τδν
759 1494 927 1564 Ἀνάπλοαν
940 1499 991 1563 καλ
1002 1497 1037 1563 τδ
1052 1497 1227 1564 §coslum

119 1599 137 1666 ὃ
155 1601 251 1688 μέρος
266 1604 496 1680 Κωνσταντῖνος
512 1602 619 1669 ἔκτισε.

224 1740 288 1806 Τδν
305 1737 392 1826 ἅγιον
408 1737 572 1824 Μόμαντα
590 1737 606 1805 ὃ
624 1738 835 1823 Λεωμακίλης
851 1735 1003 1827 ἀνήγειρε,
1021 1733 1099 1806 διότι
1112 1738 1226 1803 ἐκαίετο

118 1839 140 1927 oi
170 1840 257 1922 πόλις
285 1850 385 1928 μῆνας
414 1846 456 1922 λ’ξ.
508 1847 540 1910 ἐν
567 1834 592 1932 ᾧ
617 1840 633 1909 δ
657 1843 802 1926 βασιλεὺς
824 1844 875 1907 καλ
899 1839 1033 1908 παλάτια
1058 1840 1153 1906 ἔκτισε
1177 1844 1227 1906 καί

119 1944 338 2033 ἱπποδρόμιον,
365 1948 396 2012 ἓν
419 1939 445 2036 ᾧ
468 1949 497 2012 οἱ
519 1952 656 2030 βασιλεῖς
677 1943 850 2030 ήνιόχεοον,
876 1942 953 2011 ὅπου
978 1947 1029 2010 καί
1047 1943 1183 2028 Μιχαὴλ
1209 1939 1317 2008 δΡ58

67 2049 187 2127 levido
206 2049 360 2137 Θεοφίλου
377 2055 433 2116 τοῦ
448 2051 599 2132 βασιλέως
617 2050 755 2135 ἀνῃρέθη
768 2049 853 2136 παρὰ
866 2051 1032 2115 Βασιλείον
1044 2055 1100 2114 τοῦ
1113 2047 1226 2113 Μακε-

116 2151 217 2228 δόνος.
269 2153 387 2237 λέγεται
412 2153 446 2218 δὲ
469 2151 516 2218 ότι
540 2153 620 2218 κατὰ
635 2151 691 2236 τὴν
707 2150 775 2218 τότε
790 2151 888 2235 μονήν
904 2159 959 2217 τοῦ
976 2153 1159 2238 ἐμπρησμοῦ
1175 2154 1227 2216 καὶ
1334 2153 1336 2158 ’

110 2254 230 2339 χειμών
248 2256 367 2341 γέγονεν
384 2251 448 2333 οἷος
464 2256 520 2322 οὐκ
537 2256 650 2342 ἐγίνετο
668 2254 775 2321 ἄλλοτε
793 2255 874 2324 ποτέ.
927 2255 1073 2322 ἀλλὰκαὶ
1092 2256 1224 2338 στακτὴν

183 2456 202 2509 1
218 2452 330 2520 πρῶτον
347 2447 393 2504 ἐπί
409 2451 572 2520 Μαορικίοο
589 2446 767 2520 ἀρμσιρέντον
784 2441 821 2520 ἦν
838 2451 872 2506 0.
1008 2451 1027 2506 8
1044 2443 1156 2520 ίποίησε
1173 2448 1223 2506 καί

182 2519 311 2590 κτήματα
328 2515 417 2574 πολλοὶ
434 2517 590 2590 ἐπεκύρωσε
607 2523 641 2575 C.
767 2521 785 2576 4
796 2541 829 2606 ρ.
848 2519 883 2576 56
899 2521 987 2576 Baad.
1021 2523 1141 2576 lemmate
1157 2522 1223 2574 hoca

183 2590 256 2658 Περὶ
282 2590 338 2646 τῶν
365 2591 557 2660 μοναστηρίοον
585 2591 641 2645 τῶν
669 2607 834 2659 περατικων.
973 2591 1136 2658 κοιτανίτης
1156 2590 1220 2643 vat.

183 2661 246 2732 6p.
264 2661 299 2718 57
316 2657 400 2713 Band.
528 2663 563 2716 10
580 2677 608 2729 p.
626 2659 661 2713 58
678 2668 705 2714 et
722 2659 757 2715 59
772 2661 858 2715 Band.
985 2656 1018 2714 τὸ
1036 2661 1132 2714 Σασθ.
1169 2653 1222 2727 τήν

182 2724 274 2798 μονὴν
289 2729 341 2782 τοῦ
356 2727 520 2782 Σασδενίοο
537 2723 588 2782 τόν
605 2721 772 2798 ἀρχιστράτη
791 2748 824 2783 ον
841 2731 874 2783 0.
985 2732 1020 2785 12
1037 2749 1065 2800 p.
1083 2730 1117 2784 57
1160 2730 1220 2784 and.

181 2795 348 2866 λεομάκελσς
370 2798 403 2851 C.
543 2791 671 2866 ἀνήγειρε
698 2796 747 2850 καί
770 2748 874 2852 ίκτισεν
897 2791 959 2852 laea*
977 2797 1117 2867 παλάτια,
1145 2795 1221 2851 διότι

182 2862 348 2934 ἐνεπρήζετο
371 2862 390 2950 ή
410 2860 491 2926 πόλις
506 2867 598 2932 μῆνας
614 2863 648 2926 ς’.
684 2864 734 2918 καὶ
751 2860 873 2932 ἐξελθών
890 2862 907 2919 δ
922 2863 1099 2935 Λεοράκελος
1116 2863 1220 2920 ἔκτισεν

182 2930 257 2987 αάτά
281 2932 330 2986 καί
353 2936 440 3002 μολον
463 2929 575 3002 ἐποίησε
598 2933 646 2988 καλ
671 2931 743 2987 ναόν
767 2934 908 3004 ὡσαύτως,
934 2937 983 2988 κοιλ
1001 2927 1075 3002 ἕιόρα
1092 2929 1221 2988 ἀπεκεῖσε

182 2998 236 3072 τὴν
258 2998 342 3054 πόλιν
367 2995 585 3072 ίμσρηζομὲνην.
621 2998 681 3057 εἷθ’
707 2997 796 3067 οὕτως
820 3000 911 3076 ἔβρεξε
930 2999 1052 3073 στάκτην
1074 2999 1123 3056 ἐπ’
1146 2999 1183 3056 σιό
1206 3003 1219 3017 ”

109 3121 111 3128 ,
182 3068 220 3133 ὥς
244 3065 391 3138 σιταδαμήν
413 3065 446 3124 τό
472 3068 570 3139 ποίησε.
606 3069 693 3126 ἔκτισε
717 3068 750 3125 δὲ
775 3071 824 3126 καί
846 3069 1047 3142 ίπποδρόμιον,
1071 3066 1102 3127 ἐν
1126 3061 1150 3125 ιδ
1171 3022 1220 3128 aiii

1130 3125 1137 3144 Ι

180 3135 297 3210 Μιχαὴλ
314 3135 329 3193 ό
349 3135 476 3210 βασιλεὺς
492 3136 622 3212 ἀνῃρέθη
637 3136 694 3196 ἀπό
712 3142 868 3198 Βασιλείαν.
886 3143 923 3210 0,
941 3143 1043 3200 omissis
1060 3143 1178 3214 reliquis.

110 3316 171 3368 dem
195 3331 211 3366 a
235 3313 365 3368 Mauricio
387 3315 415 3368 in
438 3315 664 3370 armamentarium
689 3322 848 3371 exstructum
869 3317 930 3370 fuit.
966 3316 1108 3370 Theodoro
1130 3321 1218 3370 aulem

109 3401 178 3437 uxor
196 3383 340 3466 Theophili
356 3385 524 3456 imperatoris
542 3387 568 3439 in
585 3389 769 3442 monasterium
787 3384 900 3440 mutavit
916 3395 977 3456 post
994 3403 1076 3440 annos
1092 3385 1154 3441 248.

214 3452 365 3506 aedilicium
387 3455 458 3523 quod
481 3463 594 3510 vocatur
616 3455 742 3525 Pieridii,
766 3457 883 3510 condidit
902 3457 1023 3510 Pierides
1044 3455 1217 3510 cubicularius

108 3527 229 3593 tempore
246 3523 338 3576 irenae
353 3523 469 3579 Atticae.

213 3592 353 3645 Castellum
371 3594 522 3646 aedificavit
539 3593 663 3646 Tiberius
678 3594 825 3664 imperator
841 3611 918 3647 socer
934 3591 1072 3660 Memmii,
1094 3611 1128 3646 ne
1146 3595 1218 3647 cha-

108 3675 194 3727 ganus
218 3661 392 3730 Balgarorum
417 3664 541 3732 princeps
566 3665 674 3716 classem
699 3665 756 3717 eius
780 3666 959 3718 combureret:
986 3664 1023 3716 ibi
1045 3663 1114 3716 enim
1136 3679 1218 3716 naves

109 3743 172 3780 suas
188 3729 326 3797 subduxit,
344 3739 373 3783 et
389 3732 473 3786 iocum
490 3732 602 3785 munivit
618 3733 735 3788 castello·

214 3799 324 3868 Templa
346 3801 376 3855 B.
397 3803 546 3871 archangeli
561 3802 701 3856 Michaelis
716 3803 745 3855 in
762 3800 866 3872 Anaplo
884 3809 912 3854 ei
928 3801 1068 3855 Sosthenio
1086 3802 1219 3855 Constan-

106 3866 181 3920 tinus
198 3885 306 3938 magnus
322 3866 484 3924 aedificavit.

212 3938 349 4008 Templum
375 3941 405 3993 S.
431 3939 571 3994 Mamantis
595 3939 651 3992 Leo
674 3941 791 3994 Macelas
813 3937 976 4008 aedificavit,
1002 3957 1060 3994 cum
1081 3940 1145 3992 urbs
1168 3953 1215 3989 sex

107 4006 227 4074 integros
251 4025 355 4061 menses
378 4010 501 4065 continuo
524 4010 644 4062 incendio
669 4010 818 4078 flagrasset.
853 4011 950 4063 ibidem
968 4005 1074 4080 qaoqu'e
1090 4007 1216 4078 palatium

107 4077 242 4128 exstruxit
260 4087 287 4129 et
304 4077 508 4148 Hippodromum
526 4080 649 4148 privatae
664 4080 850 4149 imperatorum
867 4079 1026 4148 aurigationi
1042 4078 1219 4139 destinatum

105 4143 154 4196 ubi
181 4145 259 4198 eliam
276 4144 392 4202 Michasi
409 4150 485 4202 Theo
504 4149 551 4202 hili
566 4149 731 4220 imperatoria
747 4150 816 4202 lilius
835 4167 851 4202 a
868 4150 969 4203 Basilio
987 4146 1130 4200 Macedone
1148 4145 1218 4198 occi-

107 4229 153 4266 sus
170 4213 232 4266 fuit.
268 4216 356 4268 lerunt
373 4225 459 4273 autem
477 4169 588 4273 ‹iio-onte
606 4219 652 4272 illo
669 4220 791 4272 incendio
807 4221 873 4272 adeo
890 4235 997 4272 saevam
1013 4215 1094 4267 luisse
1108 4213 1217 4269 hiemem

106 4289 138 4336 ut
162 4282 228 4336 alias
254 4299 393 4351 nunquam.
429 4289 518 4342 eodem
543 4302 647 4359 quoque
666 4297 782 4358 tempore
801 4307 892 4360 pamm
909 4297 998 4359 putam
1017 4290 1120 4336 atamen
1138 4286 1215 4354 pluit,
