2808 4616
322 253 493 322 BREVES
517 251 726 320 ENARRAT.
753 251 1004 324 CHRONOGR.
1136 261 1216 335 '177

104 443 140 508 τὸ
162 437 322 528 χάραγμα.
373 448 434 508 τῶν
454 441 489 506 δὲ
506 441 675 507 ’Ῑουλιανοῦ
692 437 874 528 φησάντων,
901 441 997 520 εδθδς
1013 443 1123 524 ἐκεῖνος
1140 443 1218 518 εἶπεν

106 544 154 611 ότι
177 546 317 628 μέλανος,
331 544 498 632 δνθριόπου
523 542 637 629 στήλην
659 543 820 627 τεθέαμαι.
871 548 923 610 καλ
938 543 1018 611 πάνυ
1035 547 1219 638 ἠρυθρίασε,

106 651 158 714 καὶ
176 651 347 735 παραυτίκα
363 647 479 733 ταότην
496 651 654 727 κατέαξεν,
678 649 728 712 καὶ
747 647 847 735 δόγμα
863 649 1051 737 προέθηκεν,
1075 652 1122 719 ότι
1139 653 1219 725 ὅπου

108 753 161 818 ε’άν
185 749 299 838 εὑρεθῇ
316 754 347 818 ίν
360 763 514 838 χαραγαῖς
531 755 665 835 νουμίιον
683 752 718 816 τό
735 759 873 820 τοιοῦτον
888 750 1059 840 ὑπόδειγμα
1068 804 1080 837 ,
1104 761 1156 824 καλ
1171 760 1217 847 μὴ

79 863 150 945 buci
175 857 310 944 δημοσίῳ
334 863 541 944 καταμηνυθῇ
548 906 558 937 ,
586 856 751 940 δημευθελς
768 853 784 922 ὃ
801 863 937 935 τοιοδτος
952 856 1107 948 ίξόριστος
1122 865 1216 930 Κανν-

105 957 381 1037 στοιντινουπόλεως
397 961 528 1046 γένηται.

207 1063 315 1140 Πολδς
331 1056 368 1148 ἦν
386 1063 551 1140 Ἰουλιανὸς
568 1063 598 1127 ἓν
615 1062 811 1148 μαγγανίαις·
837 1060 912 1130 ὅθεν
928 1065 979 1129 καλ
996 1074 1059 1142 τοῖς
1077 1063 1214 1148 εῗδαόλοις
1231 1082 1254 1136 0

106 1171 149 1243 εἷς
165 1163 280 1250 στήλας
296 1165 475 1248 βασιλικάς,
495 1167 607 1254 φασίν,
625 1164 795 1246 ἓξεικόνιζε,
814 1170 865 1234 καλ
882 1177 1123 1256 προσκυνεῖσθαι
1139 1169 1216 1237 ταά-

104 1295 161 1346 τας
179 1267 221 1346 ὡς
236 1269 387 1351 βασιλέων
405 1267 523 1346 εἰκόνας
539 1267 699 1354 ἠνάγκαζε.
749 1271 826 1352 μεθ’
847 1263 889 1338 ὧν
905 1275 955 1337 καλ
973 1275 1004 1338 δν
1020 1281 1058 1360 τῇ
1076 1279 1217 1361 Νικομη-

60 1385 98 1438 10
107 1375 184 1439 δέων
200 1372 386 1460 μητροπόλει
405 1373 439 1438 τό
458 1380 515 1440 τοῦ
527 1371 717 1450 ’Λπόλλωνος
730 1372 854 1458 άγαλμα
862 1375 1109 1460 χρυσέγκαοστον
1120 1404 1217 1444 κατα·
1240 1431 1246 1444 .

106 1473 259 1554 σκευάσας
284 1480 335 1542 καὶ
360 1483 414 1561 τῆς
441 1482 520 1554 θεάς
543 1477 738 1564 Ἀρτέμιδος,
771 1475 875 1559 νόμοις
901 1474 1016 1560 ὁμοίοις
1042 1479 1216 1563 ἐνομοθέτει

105 1587 362 1668 προσκυνεῖσθαι,
389 1579 431 1659 τός
457 1581 553 1648 αὐτοῦ
579 1583 673 1667 φησὶν
699 1577 773 1646 εἶναι
798 1583 849 1646 καλ
873 1587 929 1664 τῆς
953 1588 1086 1666 γαμετῆς
1112 1580 1217 1648 ἰνδάλ-

105 1703 208 1767 ματα·
235 1683 309 1751 ὅθεν
322 1689 375 1750 καὶ
393 1683 519 1775 άπειρον
535 1691 658 1770 πλῆθος
673 1684 785 1780 κλαπὲν
802 1686 844 1761 είς
862 1687 1110 1774 εἷδοιλολατρείαν
1125 1687 1215 1754 κατέ·
1230 1700 1256 1754 Ι)

106 1813 205 1854 πεσεν.

61 1905 98 1961 15
207 1890 258 1955 Ἔν
280 1900 344 1967 τοῖς
365 1889 530 1968 Πανεάδος
551 1891 656 1977 μέρεσι
674 1896 712 1976 τῇ
730 1888 972 1975 έπονομαζομένη
990 1889 1163 1983 Καισαρείᾳ
1179 1898 1218 1980 τῇ

110 1995 281 2072 Φιλίππου,
308 1995 502 2079 διερχομένου
517 1995 701 2071 Ἰουλιανοῦ,
719 1991 754 2058 ab
772 2001 826 2075 τῆς
843 1987 1069 2078 αἷμορροοόσης
1085 1994 1218 2077 ῗνδαλμα

106 2095 317 2179 θεασόμενος,
343 2100 394 2161 καὶ
423 2098 518 2164 αὐτοῦ
543 2104 599 2164 τοῦ
622 2099 724 2181 Ἰησοῦ
748 2094 801 2160 τόν
826 2093 1011 2182 ἀνδριάντα,
1039 2093 1081 2173 ὡς
1105 2095 1217 2183 ἔλεγον,

107 2197 164 2265 ὑπ’
193 2201 288 2283 αὐτῆς
311 2201 615 2270 κατασκευασθέντα·
642 2202 674 2264 έν
700 2195 746 2276 οἷς
770 2209 918 2285 κεκυφυῖα
943 2196 963 2282 ἡ
988 2196 1080 2284 γυνή,
1105 2202 1156 2266 καλ
1177 2208 1217 2288 τῇ

108 2305 193 2393 δεξιᾷ
218 2309 273 2368 τοῦ
300 2305 474 2392 κρασπέδου
501 2310 557 2370 τοῦ
583 2299 762 2389 ἀνδριάντος
783 2301 885 2385 Ἰησοῦ
910 2299 1073 2388 ἁπτομένη.
1123 2304 1217 2388 μέσον

60 2425 167 2478 τοπου
191 2405 324 2490 βοτάνης
349 2405 444 2487 εἶδος,
480 2403 676 2496 ἀλεξητήριον
703 2402 868 2494 φάρμακον
892 2405 971 2494 πρδς
995 2414 1098 2480 πᾶσαν
1122 2406 1255 2477 νόσονΕ

106 2507 291 2595 ἐπιτήδειον,
324 2511 451 2599 ἓκφυέν,
483 2514 534 2576 καλ
561 2507 712 2600 τυφλούς,
745 2507 787 2586 ὥς
814 2534 909 2596 φασι,
940 2510 1013 2587 τοὺς
1040 2513 1073 2576 ἐκ
1100 2513 1218 2589 κοιλίας

105 2616 223 2701 μητρὸς
246 2613 426 2692 ἐξελθόντας
449 2611 612 2682 δάσασθαι.
662 2619 753 2679 τοῦτο
777 2613 810 2677 δέ
831 2616 882 2678 καλ
904 2613 1053 2697 Εὐσέβιος
1077 2611 1094 2678 δ
1119 2617 1216 2699 Παμ-

177 2790 195 2844 2
220 2783 304 2858 μέλας
325 2790 369 2843 bic
391 2790 460 2844 idom
483 2793 526 2844 est
544 2796 624 2861 atque
640 2785 737 2852 κακός.
770 2789 811 2844 sic
827 2790 897 2844 inter
911 2789 1021 2845 Latinos
1037 2791 1166 2845 Horatius
1184 2809 1216 2847 eo

176 2859 306 2913 vocabulo
324 2859 421 2911 utitur:
447 2859 489 2912 bio
505 2860 588 2928 niger
604 2868 659 2919 aste
683 2860 757 2912 ίιιινιο
772 2867 821 2927 aa,
847 2860 983 2926 Romane,
1008 2867 1110 2914 εαοοίο.
1145 2861 1218 2914 simi-

177 2928 239 2980 liter
262 2927 394 2995 hodieque
415 2927 475 2980 Itali
492 2929 621 2982 bominem
636 2929 782 2998 improbum
797 2935 894 2982 vocant
904 2931 1035 2998 surdum,
1061 2927 1138 2999 quasi
1148 2933 1216 2997 sur-

177 3015 241 3050 σανα
258 2997 278 3049 i.
296 3013 321 3049 e.
339 2995 450 3065 nigrum.
487 2997 581 3050 Ιιααιό.

105 3151 205 3204 Iuliani
221 3166 293 3217 esse,
322 3149 412 3202 statim
428 3147 473 3202 ille
488 3143 578 3220 “nigri
596 3143 725 3202 hominis’'
751 3148 791 3202 ait
812 3143 949 3202 “statuam
965 3147 1128 3220 conspexi;''
1151 3151 1218 3204 mul-

106 3228 216 3289 tumque
237 3221 334 3272 rubore
355 3220 472 3272 suffusus
490 3237 546 3271 eam
563 3219 652 3272 statim
669 3219 815 3288 confregit,
840 3219 979 3287 edictoque
1001 3219 1078 3272 iussit
1098 3215 1216 3290 “siquis

107 3307 218 3358 usquam
246 3287 393 3341 huiusmodi
418 3290 521 3356 figurae
547 3289 701 3356 obsignatus
726 3304 842 3340 nummos
867 3287 1010 3357 repererit,
1037 3307 1086 3342 nec
1110 3291 1215 3360 publice

109 3359 319 3425 denuntiaverit,
338 3359 360 3410 is
377 3359 533 3428 proscriptis
549 3358 639 3424 bonis,
658 3364 734 3410 extra
751 3357 854 3428 Cpolim
871 3358 1015 3410 exsulatum
1031 3353 1179 3412 mittatur.”

213 3428 325 3481 Multum
351 3429 464 3482 lulianus
491 3427 640 3498 praestigiis
666 3427 770 3480 deditus
797 3437 870 3491 erat3
898 3427 967 3480 unde
993 3428 1066 3480 aiunt
1089 3427 1216 3481 idolorum

109 3500 210 3550 statuas
236 3497 419 3566 imperatorum
444 3499 533 3568 specie
556 3498 683 3565 effingere
707 3497 826 3563 solitum,
851 3497 925 3565 ipsas
942 3497 1018 3549 uelut
1033 3497 1217 3566 imperatorum

110 3565 220 3620 adorare
248 3567 375 3636 coegisse.
409 3567 480 3619 inter
499 3567 570 3618 ,haec
592 3583 656 3619 vero
682 3565 810 3634 Apollinis
832 3573 944 3618 statuam
966 3565 1111 3619 inauratam
1133 3567 1218 3620 Nico-

110 3635 224 3701 mediae,
251 3652 319 3704 quae
336 3637 487 3706 metropolis
505 3642 562 3703 est,
589 3653 620 3688 ac
643 3635 760 3687 similiter
776 3635 877 3687 Dianae
893 3635 958 3686 deae
976 3635 1136 3702 fabricatus,
1163 3636 1218 3688 lata

109 3707 171 3771 lege
191 3706 297 3758 adorari
313 3705 402 3757 sanxit
418 3705 493 3773 quasi
511 3721 583 3757 suam
601 3711 629 3757 et
646 3704 763 3772 coniugis
782 3704 912 3772 effigiem3
937 3719 1005 3772 quae
1022 3721 1102 3758 causa
1118 3705 1171 3758 fuit
1186 3710 1217 3757 ut

108 3774 245 3828 innumera
263 3775 402 3828 multitudo
420 3775 462 3827 vel
479 3776 562 3827 inscia
578 3774 606 3825 in
624 3772 797 3826 idololatriam
814 3773 958 3825 laberetur.

213 3846 244 3897 In
267 3843 410 3910 Ponendis,
437 3861 514 3913 quam
539 3845 699 3896 Caesaream
719 3841 835 3926 Philippi
858 3847 970 3909 vocant,
996 3843 1133 3912 partibus,
1158 3857 1215 3893 cum

109 3913 228 3966 Iulianus
252 3913 304 3966 iter
327 3915 450 3980 baberet,
476 3914 681 3966 haemorroissac
699 3919 727 3964 et
743 3912 825 3982 ipsius
843 3910 904 3964 Iesu
920 3918 1046 3978 statuam,
1071 3928 1161 3980 quam,
1187 3917 1218 3961 ut

108 3985 209 4048 femur,
227 3983 270 4034 illa
288 3991 425 4052 posuerat,
443 3985 607 4053 conspicatus
624 3989 674 4035 est.
712 3987 770 4034 erat
788 3998 851 4032 vero
867 3981 960 4032 mulier
975 3979 1126 4034 venerantis
1144 3993 1217 4030 more

107 4049 250 4116 inclinata,
277 4053 457 4122 timbriamque
481 4061 584 4105 statuae
606 4053 667 4104 lesu
684 4051 795 4103 dextera
811 4051 989 4119 contingebat.
1024 4051 1052 4102 in
1068 4045 1152 4101 medio
1169 4063 1218 4100 au·

109 4127 164 4172 tem
188 4118 286 4172 herbae
309 4123 410 4192 species
430 4123 556 4190 quaedam
576 4122 698 4174 curandis
716 4120 915 4190 quibuscunque
930 4118 1027 4173 morbis
1043 4122 1106 4198 apta
1122 4131 1216 4199 nasca-

109 4190 206 4253 batur‚
230 4193 319 4240 tantae
340 4191 461 4256 rimatis,
487 4199 515 4244 ut
533 4191 652 4261 aiebant,
678 4195 710 4245 ut
726 4189 804 4244 ctiam
821 4190 905 4242 caecis
923 4191 957 4242 ab
975 4193 1051 4240 utero
1068 4200 1151 4238 visum
1167 4189 1216 4238 tru-

109 4259 215 4310 bueret.
250 4274 328 4327 quam
350 4277 405 4312 rem
426 4260 558 4314 Eusebius
579 4260 725 4335 Pamphili,
749 4259 841 4330 etqui
856 4255 1043 4314 haesitantium
1059 4259 1148 4307 sectae
1165 4261 1216 4320 est,

147 4334 255 4411 Euerg.
279 4335 343 4389 coo.
366 4339 398 4389 de
420 4337 495 4408 Orig
518 4338 568 4409 Cp.
965 4321 1006 4388 12
