2808 4616
195 263 270 336 188
539 259 716 327 INCERTI
740 261 955 328 AUCTORIS

152 463 175 515 B
297 447 343 514 Τό
369 444 554 530 καλοόμενσν
580 447 771 533 Φιλαδέλφιν
791 446 1025 514 Κωνσταντίνον
1042 442 1118 512 εἶναι
1135 453 1190 512 τοῦ
1207 447 1308 534 μεγεί-

189 561 246 620 λον
270 552 342 628 τοὺς
363 549 465 631 οῗοός,
492 552 552 616 ἀπὸ
576 553 712 627 Γαλλίας
735 550 789 617 τὸν
812 551 864 614 ἕνα
882 549 959 638 πρὸς
975 549 1031 635 τήν
1048 550 1307 619 Κωνστανττνοό-

188 664 278 723 πολιν
302 652 434 721 ἐλθόντα
457 656 534 739 μετὰ
552 653 605 720 τόν
622 652 760 719 θάνατον
776 660 833 719 τοῦ
849 653 981 742 πατρός,
1005 653 1141 739 μεγάλης
1164 653 1305 740 ὕπαντῆς

188 763 240 828 καὶ
254 767 355 844 χαρᾶς
371 761 548 844 γενομένης,
575 756 780 824 ἀσπάσασθαι
798 757 967 842 ἀλλήλους,
993 761 1045 824 καὶ
1063 759 1205 846 παρενθά
1223 759 1303 844 στή-

188 871 244 942 λας
262 865 362 929 αὐτῶν
379 863 527 949 ἀνεγεῖραι
544 869 581 950 τῇ
598 859 734 927 πόλειτὸ
753 869 857 946 σχῆμα
872 860 1100 942 ὖπσσωζοόσας.
1131 864 1327 929 Ἰουλιανοῦδ

188 970 222 1034 δὲ
247 965 342 1051 στήλη
366 969 415 1032 καί
438 967 653 1043 Ἀναστασίας
676 971 731 1049 τῆς
753 965 849 1031 αὐτοῦ
872 974 1020 1051 γαμετῆς,
1045 965 1083 1048 ἢν
1101 966 1202 1032 διὰτὸ
1220 965 1302 1032 εἶναι

151 1079 174 1132 c
192 1071 383 1158 Χρεστιανήν
406 1071 527 1152 ἐξέβαλε
553 1077 607 1154 τῆς
629 1071 796 1152 βασιλείας.
848 1070 926 1154 αὐτὴ
944 1071 978 1136 (λε’
995 1073 1026 1135 ἕν
1042 1077 1085 1158 τῷ
1102 1075 1288 1159 μοναστηρίι

186 1181 248 1241 τῶν
264 1170 469 1260 Προμσόντον
488 1174 675 1258 ἀπεκείρατο.
729 1201 761 1238 αι
779 1175 813 1238 δε
831 1201 921 1241 annus
938 1179 1047 1260 στῆλαι
1064 1175 1154 1261 μέχρι
1171 1183 1225 1240 τοῦ
1243 1183 1301 1240 νῦν

187 1277 334 1359 σώζονται
352 1281 382 1344 ἓν
399 1285 443 1366 τῷ
463 1279 671 1365 Φιλαδελφίῳ.

284 1379 322 1446 Ὁ
346 1378 504 1468 λεγόμενος
527 1377 713 1470 Ξηρόλσφος
735 1375 849 1466 στήλην
871 1379 927 1463 μὲν
950 1378 1026 1462 έχει,
1051 1379 1161 1457 καθὼς
1183 1378 1200 1446 ὃ
1224 1383 1294 1446 ιλια-
1305 1391 1341 1444 10

186 1482 360 1572 κρινόμενος
377 1486 469 1572 λέγει,
487 1491 543 1552 τοῦ
557 1491 670 1573 μικροῦ
690 1485 856 1551 Θεοδοσίου
873 1486 924 1548 καὶ
941 1489 1179 1550 Βαλεντινιανοῦ
1195 1483 1296 1550 νότω-

186 1596 243 1655 θεν
267 1596 323 1656 τοῦ
346 1591 445 1668 κίονος
468 1593 519 1654 καὶ
543 1593 741 1676 Μαρκιανοῦ.
792 1592 920 1670 σεισμοῦ
943 1589 976 1652 ll
998 1588 1159 1674 γενομέναν
1175 1615 1298 1655 πεπτω-

186 1694 269 1760 κέναι
295 1692 424 1777 στήλην,
449 1696 500 1758 καὶ
526 1689 567 1770 ὥς
591 1691 680 1778 λόγος
704 1692 799 1778 λέγει,
827 1693 966 1756 ἀνελθεῖν
991 1699 1053 1757 τῶν
1077 1690 1151 1758 ἔπτὰ
1174 1691 1296 1772 κιόνων,

145 1800 238 1863 Βκαλ
267 1794 460 1885 ἀποστρέψαι
490 1800 678 1884 Μαρκεανοῦ
707 1797 758 1862 καί
785 1799 1019 1862 Βαλεντινιανοῦ
1045 1797 1076 1860 έν
1098 1802 1143 1884 τῷ
1165 1803 1296 1882 τριβσν-

185 1902 288 1989 ναλίῳ.
1301 1909 1338 1963 15

282 2001 320 2070 ‘0
344 1999 503 2089 λεγόμενος
525 2000 679 2090 Νειόριος,
704 1999 721 2067 ὃ
746 2003 798 2068 καί
816 1997 989 2090 Ἀρκόελιος,
1017 2000 1052 2067 όν
1068 1997 1174 2066 Κόνων
1191 2002 1294 2066 ἔσται·

183 2105 351 2193 χεαόσατο,
377 2104 473 2193 εὖρῶν
497 2107 551 2172 τὸν
574 2105 668 2173 τόπον
689 2108 840 2184 πλείστοις
863 2102 966 2183 πόνοις
988 2105 1219 2172 Κωνσταντίνσο
1237 2111 1296 2170 τοῦ

185 2211 318 2296 μεγάλον
343 2211 532 2292 πονηθέντα·
557 2211 589 2274 ἕν
614 2202 640 2298 ᾧ
662 2212 714 2276 καί
737 2210 846 2297 ἀγοραὶ
868 2216 929 2275 τῶν
946 2212 1127 2276 θαλασσίων
1144 2211 1296 2296 ἐμπορευ-

185 2313 291 2396 μότων
314 2309 420 2398 πρώην
437 2311 576 2396 ὑπῆρχον
593 2314 667 2377 ἐκεῖ·
694 2315 742 2378 ἐπί
755 2314 917 2380 Ἰουστίνον
936 2314 971 2379 δέ
986 2311 1234 2398 μετεποιήθησαν
1251 2315 1295 2390 είς

184 2416 238 2482 τόν
250 2417 418 2483 Ἶσνλεανσϋ
434 2415 552 2496 λιμένα.
1298 2425 1335 2479 20

148 2534 173 2588 Ε
287 2517 324 2584 ‘0
349 2516 520 2596 Ζεόξιππος
542 2517 580 2584 τό
602 2517 731 2602 λουτρόν
747 2521 885 2605 Σεβήρος
900 2525 1050 2586 καλεῖται·
1073 2515 1134 2584 einh
1152 2515 1293 2603 Σεβήρσο
1402 2533 1403 2596 ξ

186 2622 245 2709 γὰρ
263 2624 399 2707 ἐκτίσθη.
451 2621 508 2688 σόν
525 2621 608 2709 αὐτῷ
626 2623 660 2686 δέ
676 2624 727 2686 καὶ
743 2622 778 2688 τὸ
792 2619 1006 2710 Ἱπποδρόμιον
1018 2623 1053 2688 τὸ
1067 2627 1188 2709 πρῶτον
1200 2621 1293 2704 ἔλαβε

187 2730 297 2810 κτίσμα
316 2728 347 2792 ίν
364 2727 455 2816 ὀλίγῳ
464 2775 474 2806 ,
501 2728 552 2791 καὶ
570 2727 820 2794 Κωνσταντιαναλ
836 2723 896 2792 ἀπὸ
914 2727 1146 2794 Κωνσταντίνσν
1164 2731 1221 2791 τοῦ
1236 2751 1293 2809 με·

289 3028 369 3091 Quod
388 3034 486 3084 nonant
503 3029 724 3100 Philadelphum,
751 3028 825 3082 siunt
842 3044 901 3080 esse
917 3027 987 3080 lilios
1006 3027 1174 3081 Constantini
1191 3027 1290 3097 magni,

186 3115 296 3167 quorum
313 3099 381 3150 alter
399 3117 431 3152 ex
449 3100 535 3152 Gallia
552 3107 614 3170 post
631 3098 716 3168 patris
734 3098 831 3152 obitum
849 3097 952 3168 cpolim
969 3099 1058 3164 venit3
1081 3115 1243 3167 magnusque
1262 3105 1291 3150 et

184 3167 287 3220 laetitia
303 3167 395 3235 plenus
413 3187 538 3222 occursus
555 3169 622 3232 fuit,
642 3184 753 3236 seseque
769 3167 806 3220 illi
824 3179 911 3220 mutuo
926 3169 1067 3237 amplexati
1080 3176 1152 3224 sunt.
1188 3167 1291 3220 statim-

185 3253 236 3306 que
260 3242 365 3289 statuae
388 3238 441 3290 illis
463 3240 490 3290 in
508 3239 573 3290 nabe
591 3243 696 3290 erectae
713 3244 790 3303 mut,
815 3237 911 3306 quibus
928 3237 993 3289 haec
1010 3239 1163 3305 spectacula
1180 3253 1291 3305 reprae-

185 3311 359 3359 sentarentur.
394 3309 487 3360 Iuliani
511 3307 575 3360 itsrn
597 3314 624 3359 et
647 3306 805 3358 Anastasiae
822 3307 914 3359 uxoris
932 3307 987 3358 eius
1005 3315 1123 3374 statuae,
1151 3323 1225 3375 quam
1242 3305 1290 3358 ille
1400 3359 1401 3370 ¹

185 3374 254 3443 quod
272 3375 422 3428 Christiana
440 3384 512 3429 esset
529 3375 694 3446 repudiavit:
720 3373 763 3428 illa
785 3393 848 3428 vero
866 3376 893 3428 in
912 3375 1221 3428 Pronuntimonasterio
1239 3375 1289 3428 de-

184 3452 260 3498 tonsa
280 3452 334 3507 στος
361 3445 435 3511 illae,
453 3447 573 3514 inquam,
591 3453 694 3497 statuae
713 3445 842 3514 hodieque
858 3445 885 3496 in
903 3445 1084 3514 Philadelphio
1102 3451 1218 3498 manent.

287 3513 371 3575 Quem
386 3523 483 3568 vocant
495 3513 688 3584 Xerolophmn,
708 3514 854 3566 Theodosii
867 3514 991 3582 iunioris,
1010 3516 1158 3568 haesitante
1169 3521 1289 3580 auctore,

182 3587 295 3636 statuam
313 3583 407 3648 habet3
424 3586 537 3654 itemque
555 3583 732 3636 Valentiniani
748 3584 817 3636 inira
832 3583 973 3638 columnam
985 3593 1014 3636 et
1025 3585 1163 3638 Marciani.
1199 3591 1290 3636 terrae

182 3659 252 3704 motu
269 3661 355 3705 autern
374 3655 502 3708 corruisse
519 3654 587 3706 illam
606 3654 693 3718 aiunt,
712 3659 793 3722 utque
811 3653 889 3722 vulgo
908 3653 1020 3722 dicitur,
1037 3661 1138 3724 septem
1155 3651 1290 3706 eolmnuas

183 3721 349 3842 coglsoendlu
372 3723 500 3777 Marciani
523 3741 587 3777 vero
606 3729 634 3776 et
650 3722 831 3776 Valentiniani
848 3727 952 3776 statuae
968 3723 995 3775 in
1014 3741 1131 3794 campum
1147 3721 1291 3776 tribunalis

181 3807 212 3845 re
232 3791 328 3845 'erunt

284 3860 401 3914 Neorius
430 3862 470 3914 ita
494 3865 673 3931 nuncupatus,
707 3859 752 3930 qui
776 3863 805 3912 et
827 3858 971 3926 Arcadius,
1004 3877 1081 3929 quem
1106 3861 1214 3929 Conon,
1238 3859 1287 3912 uhi

180 3931 266 3984 locum
288 3930 405 4001 plurimis
429 3931 594 3984 Constantini
617 3929 704 3999 magni
725 3930 859 3982 laboribus
882 3931 1013 3982 excultum
1029 3929 1158 3996 offendit,
1182 3929 1289 3996 magice

182 3999 357 4054 consecravit.
391 3999 418 4050 in
440 4001 493 4068 quo'
511 4007 539 4052 et
555 4000 740 4052 maritimarum
756 3997 877 4052 mercium
893 3999 952 4052 lora
969 4005 1048 4054 antea
1066 4008 1157 4066 erant3
1181 3997 1288 4051 Iustino

183 4077 270 4124 autern
286 4071 430 4139 imperante
445 4069 474 4119 in
490 4068 585 4120 Iuliani
600 4075 703 4138 portum
719 4069 848 4122 translata
864 4074 936 4121 sunt.

285 4138 435 4208 Zeuxippus
459 4137 580 4188 balneum
602 4139 717 4190 Severus
734 4139 895 4208 appellatur,
922 4136 1019 4208 quippe
1037 4154 1052 4190 a
1070 4137 1174 4190 Severo
1192 4134 1289 4188 aedili-

183 4209 270 4259 natum
294 4217 345 4264 est.
380 4224 437 4260 curu
454 4205 499 4258 illo
518 4205 580 4258 item
599 4205 793 4276 Hippodromua
812 4205 935 4276 paulatim
953 4207 1087 4260 aedificari
1102 4211 1215 4275 coeptus
1233 4209 1287 4258 est.

184 4271 389 4331 constantianae
410 4276 528 4332 thomae
551 4291 568 4328 a
593 4275 767 4330 contamino
790 4291 883 4346 magno
905 4282 1057 4330 exstructae
1078 4282 1157 4342 eunt,
1182 4290 1287 4328 necnon
