2814 4608
167 215 243 290 258
477 213 654 288 nuussn
677 217 735 285 ET
761 215 964 285 LAMBEGH

165 413 198 464 et
218 399 296 461 filios
315 395 422 460 habuit
442 395 644 457 Ardsburium
662 405 693 456 et
708 397 884 457 Patricium.
927 413 968 456 ex
985 389 1067 454 hisce
1085 391 1273 457 Ardaburius

167 489 274 548 consul
301 485 360 544 luit
390 502 459 542 cum
486 485 597 564 Alypio
624 504 703 548 anuo
725 479 938 557 carnalla,
973 491 1082 540 etune
1100 492 1274 560 cumpatre

166 577 281 654 Aspare
310 591 328 628 a
356 571 457 630 Leone
483 571 611 628 Macella
637 570 675 628 ob
702 568 875 627 affectatum
902 569 1064 648 imperium
1088 569 1204 625 occisus
1228 580 1274 627 est

167 679 247 719 anno
269 655 341 720 470.
383 655 529 714 Patricius
549 675 620 714 vera
642 655 748 714 consul
766 655 825 713 fuit
844 673 913 712 oum
932 654 1078 712 Ricimere
1100 672 1179 711 anno
1198 649 1273 717 459.

166 743 248 804 hunc
268 743 330 802 Leo
350 739 512 820 imperator
530 741 690 802 Caesarem
707 743 818 798 crearit
837 757 914 798 anno
931 735 1008 814 469,
1031 737 1170 796 etlilium
1185 757 1274 796 suam

165 827 330 891 Ariadnem
351 827 380 884 si
400 823 576 905 despondit:
607 828 746 906 sequenti
767 835 869 884 antem
889 843 984 896 anno,
1013 834 1098 904 putre
1119 824 1272 903 fratreque

166 917 231 974 eius
260 912 382 985 οοοίιὶε,
414 914 516 990 ipsum
545 930 564 970 a
591 910 654 970 filia
679 930 734 970 sua
757 909 888 970 Ariadne
910 929 965 988 per
985 907 1147 990 repudium
1168 911 1273 968 seiun-

166 1011 248 1060 ctum
268 999 301 1056 in
323 998 466 1056 exsilium
487 997 584 1072 misit,
612 1007 646 1056 ut
666 1007 793 1056 testatur
812 995 998 1074 Nicephorus
1019 996 1164 1054 Callistus
1186 996 1208 1052 l.
1229 994 1269 1058 15

167 1105 194 1145 ο.
215 1086 268 1150 27.
308 1075 487 1165 Ἀριάδνην,
514 1082 626 1162 inquit,
655 1078 713 1162 τὴν
734 1081 767 1146 ἐκ
786 1083 920 1164 Βηρίνης
940 1073 1022 1164 αὐτῷ
1042 1079 1274 1182 γερενυημίνην,

166 1173 208 1256 τῷ
238 1165 325 1231 παιδὶ
355 1171 411 1230 τοῦ
431 1163 588 1248 ’Λοπαρος
616 1169 770 1251 Πατρικίῳ
790 1172 831 1250 τῷ
850 1159 957 1248 dacica
980 1165 1023 1238 είς
1042 1189 1141 1247 γαμον
1162 1165 1275 1228 ἐδίδου.

166 1253 223 1317 sed
248 1254 292 1312 ibi
318 1254 370 1312 vel
394 1272 449 1332 pro
471 1255 514 1336 aqi
532 1247 639 1337 ιίποίτρι
661 1252 825 1332 legendum
846 1263 890 1311 est
910 1256 954 1336 spi
973 1249 1126 1336 ὑπατικῷ,
1155 1251 1205 1309 vel
1224 1251 1273 1308 vi-

167 1339 255 1402 detur
275 1336 461 1418 Nicephorus
479 1339 611 1398 voluisse
629 1336 745 1416 dicere,
765 1341 902 1397 Leonem
916 1339 1130 1418 imperatorem
1143 1337 1272 1396 Patricia

166 1425 289 1505 Aspasia
311 1423 374 1484 filio
397 1444 433 1482 eo
454 1441 533 1484 enno
554 1424 648 1482 filiam
669 1441 757 1483 susm
780 1422 946 1484 Ariadnem
966 1422 1179 1502 despondisse,
1212 1441 1271 1502 quo

166 1511 220 1570 ills
252 1511 358 1569 consul
386 1509 445 1567 fuit
477 1529 547 1567 cum
576 1512 735 1574 Ricimere.
791 1516 952 1590 postquam
982 1527 1054 1568 reru
1085 1505 1272 1588 Nicephorus

167 1595 290 1676 Aspasia
322 1605 352 1653 et
380 1592 540 1654 Ardaburii
572 1593 696 1656 caedem
726 1597 872 1670 narrarit,
906 1595 1062 1672 subiungit
1096 1593 1134 1652 de
1165 1591 1273 1653 eodem

166 1683 295 1742 Patricio
316 1678 391 1738 haec
412 1681 518 1738 rerba:
540 1675 594 1742 τδν
615 1677 648 1742 δὲ
670 1679 771 1762 ἕτερον
793 1680 909 1742 ἐκείνου
932 1677 1180 1760 (εο.”Ασπαρος)
1202 1674 1273 1741 otto

165 1762 221 1830 τδν
242 1765 409 1845 Πατρίκιον
428 1769 483 1838 τ“ς
504 1762 656 1848 θυγατρὸς
674 1761 767 1829 adada
786 1759 942 1840 διαζεύξας
955 1759 1130 1846 Ἀριάδνης,
1153 1764 1272 1826 ἐκεῖνον

167 1849 222 1934 μὲν
249 1845 415 1930 ὑπερόριον
441 1788 506 1932 dya-
549 1862 676 1931 utroque
703 1852 736 1908 in
762 1852 828 1910 loco
854 1853 1001 1930 interpres
1028 1847 1185 1929 Nicephcri
1203 1868 1271 1908 non

167 1934 378 1996 animadvertit
399 1936 563 2016 Πατρίκιον
583 1957 695 1995 nornen
716 1940 870 2016 proprium
892 1957 974 2011 esse,
997 1935 1053 1996 sed
1070 1937 1152 1995 velut
1169 1933 1270 2013 digni-

166 2025 237 2082 tatis
258 2021 439 2082 vocabulum
459 2023 609 2100 exposuit.
652 2024 792 2082 similiter
811 2019 1005 2100 corrigendus
1025 2020 1196 2096 Cedrenus,
1218 2021 1273 2078 ubi

166 2110 275 2168 vitiose
302 2109 413 2186 legitur
439 2111 480 2191 τῷ
507 2103 540 2169 δὲ
566 2101 648 2191 αὐτῷ
674 2105 730 2170 issa
757 2105 809 2170 καί
836 2104 1026 2191 δ”Ασπαρος
1048 2103 1131 2182 υἱός,
1163 2105 1273 2185 πατρί-

166 2215 232 2265 κιος
261 2187 322 2264 τ’ίν,
355 2195 473 2272 Καῖσαρ
501 2188 583 2272 παρὰ
611 2196 667 2256 τοῦ
694 2191 827 2268 Λέοντος
856 2194 979 2273 γίνεται.
1028 2191 1199 2252 tollendum
1227 2202 1274 2250 est

166 2277 358 2358 participium
389 2270 452 2336 τ’ίνε
482 2295 571 2351 nam,
599 2289 633 2334 nt
662 2277 744 2352 dixi,
775 2280 932 2357 πατρίκιος
957 2277 1008 2338 hic
1032 2297 1095 2338 non
1117 2277 1272 2358 dignitatis

165 2361 273 2420 titulus
305 2357 359 2420 sed
388 2377 500 2418 nomen
527 2363 683 2440 proprium
711 2372 766 2422 sst.
809 2363 917 2423 itidem
945 2375 1074 2424 erratum
1100 2375 1148 2423 est
1170 2366 1204 2421 in
1222 2361 1273 2422 lais
1384 2379 1385 2422 t

165 2451 302 2506 Zonaras
321 2445 435 2505 verbis:
463 2442 547 2526 μίχρι
567 2445 600 2508 δὲ
620 2448 722 2522 τίίους
743 2441 874 2529 οίντέχειυ
896 2445 938 2532 μή
960 2445 1023 2523 οίός
1043 2471 1074 2511 τε
1094 2446 1155 2522 οίν,
1178 2448 1274 2510 είκοιν

167 2527 287 2616 α’νοὶγκῃ
311 2531 449 2608 Καίσαρα
470 2537 554 2592 ποιεῖ
572 2525 632 2595 cirta*
656 2535 824 2614 Πατρικίου
845 2532 901 2598 τείν
922 2541 976 2600 τοῦ
991 2531 1142 2614 ’Ἀσπαρος
1161 2535 1273 2608 παῖδα,

165 2609 380 2699 Ἀρδαβουρίου
403 2613 435 2678 δὲ
456 2609 599 2695 α’δελφόν.
642 2637 705 2677 non
726 2617 829 2680 dubito
853 2623 935 2680 enim
956 2622 1028 2703 quin
1046 2639 1101 2699 pro
1124 2612 1183 2680 eiad
1205 2641 1274 2680 πα·-

164 2703 281 2784 τρικίου
302 2698 493 2762 scribendum
512 2705 551 2762 sit
571 2705 740 2784 πατρίκιοι.
783 2716 935 2766 caeterum
955 2705 1076 2766 tradunt
1094 2705 1148 2762 alii
1164 2713 1273 2762 aucto-

166 2807 214 2847 res
243 2789 407 2848 Patricium
433 2808 494 2848 non
522 2791 556 2847 in
585 2792 728 2850 exsilium
749 2791 843 2850 fuisse
864 2796 1008 2869 missum,
1040 2788 1096 2851 sed
1116 2808 1178 2848 una
1201 2809 1271 2848 oum
1382 2859 1383 2886 ρ

166 2877 281 2954 Aspare
311 2885 395 2955 patre
424 2885 454 2934 et
479 2875 569 2934 fratre
589 2875 756 2936 Ardabnrio
777 2879 911 2937 occisum
929 2879 1033 2938 fuisse.
1076 2876 1271 2935 Marcellinus

165 2961 273 3019 Comes
294 2962 326 3018 in
349 2959 511 3019 Chronico:
533 2961 603 3019 Iud.
622 2981 675 3038 11,
696 2963 796 3020 Leone
813 2963 902 3044 Aug.
919 2983 955 3026 ιτ
976 2976 1006 3022 et
1023 2961 1177 3021 Probiana
1198 2982 1270 3040 coss,

165 3045 273 3120 Aspar
295 3047 415 3122 primas
440 3047 637 3124 patriciorum
665 3067 734 3105 cum
759 3047 926 3108 Ardabare
946 3061 975 3108 et
995 3047 1161 3108 Patriciolo
1183 3045 1270 3126 (lege
1381 3079 1382 3091 ι

165 3129 318 3210 Patricio)
337 3131 432 3206 filiis,
463 3131 517 3190 ι’ίίο
545 3132 666 3211 quidem
691 3132 763 3190 olim
778 3137 923 3212 patriam,
952 3135 1009 3193 ίιοο
1029 3145 1132 3193 autem
1152 3152 1271 3192 caesare

163 3233 332 3294 generaque
350 3217 461 3274 Leonis
480 3217 647 3296 appellato,
676 3219 817 3278 Arianae
837 3242 907 3279 aum
927 3221 1052 3280 Ariana
1068 3220 1169 3298 prole,
1195 3237 1269 3294 spa-

166 3299 279 3357 donum
314 3299 433 3358 ensibus
462 3303 496 3361 ἰπ
520 3303 641 3380 palatio
673 3305 848 3366 uulneratus
879 3309 1001 3370 interiit.
1059 3309 1136 3364 item
1166 3313 1270 3362 auctor

165 3381 307 3442 chronici
333 3385 548 3447 Alexandrini:
580 3385 675 3475 τούτῳ
703 3395 747 3475 epi
772 3391 829 3454 ίτει
855 3395 1020 3476 τυραννίδα
1041 3386 1205 3472 μελετήσας
1224 3411 1271 3463 τις

165 3467 253 3571 (ίεῇε
270 3469 494 3556 Ιμελετήσαντα)
507 3471 644 3559 ’Ἀοπαρα
664 3472 716 3538 τὸν
737 3479 896 3558 πατρίκιον
917 3477 958 3553 aig
979 3481 1102 3560 προῖτον
1122 3480 1178 3557 τῆς
1198 3493 1270 3558 συγ-

163 3559 275 3636 κλητου
303 3551 470 3635 ἐφόνευσεν
498 3559 532 3622 ἒν
559 3565 601 3646 τῷ
628 3563 761 3646 παλατίρι
789 3562 862 3638 ἔστι,
892 3563 945 3626 καί
971 3557 1190 3647 Ἀρδαβούριον
1217 3558 1270 3622 καί

166 3641 335 3722 Πατρίκιον
361 3641 434 3719 νοτίς
456 3641 545 3719 υίοιίς
571 3640 676 3710 αὐτοῦ.
720 3658 750 3706 et
769 3649 916 3728 Evagrius
937 3651 959 3708 1.
980 3655 1001 3714 2
1022 3670 1048 3711 ο.
1070 3651 1126 3713 16:
1151 3641 1274 3728 decepsi
1378 3677 1379 3684 ι

162 3727 227 3806 (sc.
248 3724 265 3790 δ
285 3727 395 3805 Λέων)
414 3726 556 3812 Ἀσπαρα
583 3727 640 3810 τήν
666 3725 763 3814 α’ρχὴν
788 3728 872 3821 crispi
893 3733 1071 3817 περιθέντα,
1104 3725 1218 3805 παῖδάς
1238 3751 1270 3792 τε

161 3807 259 3874 adseri
282 3805 500 3896 Ἀρδαβοείριον
520 3814 572 3878 καί
594 3819 776 3902 Πατρίκιον,
803 3815 841 3882 δν
863 3823 1004 3902 Καίσαρα
1023 3820 1171 3898 πεποίηκε
1189 3813 1272 3897 πρό·
1377 3885 1378 3907 ρ

161 3917 257 3974 τερον.
299 3900 446 3978 interpres
466 3903 570 3961 vertit:
598 3903 662 3961 Leo
681 3905 846 3981 Asparem,
868 3909 923 3986 qai
941 3908 1101 3984 imperium
1121 3907 1152 3962 αι’
1171 3901 1271 3960 tradi-

160 3979 260 4054 derat,
292 4001 309 4041 e
336 3985 432 4042 medio
461 3987 601 4061 castulit,·
632 3990 707 4067 quin
733 3992 823 4048 etiam
840 3991 929 4067 filios
954 3995 1017 4050 είιιε
1039 3989 1270 4058 Ardaburissm,

161 4083 248 4138 quem
278 4079 369 4126 antea
404 4071 560 4128 Caesarem
591 4085 762 4145 creaverat,
798 4085 827 4132 et
856 4079 1036 4137 Patricium.
1079 4077 1134 4134 ubi
1163 4085 1270 4132 contra

160 4150 289 4210 auctoris
318 4173 442 4213 sensum
471 4151 650 4230 dignitatem
675 4160 828 4234 Caesaris,
861 4179 954 4241 quam
978 4160 1086 4220 habuit
1106 4162 1269 4234 Patricius,

159 4227 326 4294 Ardaburio
347 4240 412 4298 eius
432 4237 517 4294 fratri
536 4239 649 4303 tribuit.
692 4242 747 4302 sed
766 4245 809 4302 ita
829 4245 904 4307 alias
920 4249 1035 4328 passim
1052 4257 1116 4305 tam
1133 4245 1167 4302 in
1186 4244 1269 4304 anti·
