2802 4636
489 277 548 342 DE
572 273 799 342 AEDlFIGlIS
826 274 887 341 GP.
1189 277 1237 350 81

1132 460 1196 490 tte

130 459 299 547 στήσαντες
323 457 448 528 ένάπιον
472 470 527 528 τοῦ
552 463 705 546 βασιλέως
726 459 860 546 ἐπεβόων
882 456 925 539 εἷς
950 465 994 551 τῷ
1021 459 1105 554 άλλη
1152 490 1238 548 χανε,

129 565 261 632 κατάπιε
292 562 401 630 αὐτό.”
454 573 511 631 τοῦ
542 569 577 633 δέ
607 567 652 652 μή
678 564 835 633 δύνασθαι
857 572 947 632 τοῦτο
970 571 1096 649 ποιήσαι
1121 567 1239 637 ἀντιλέ-

129 695 251 756 γοντος,
278 665 293 734 ὃ
312 669 413 756 ἔτερος
429 666 548 758 μεγάλη
565 678 654 758 φωνῇ
671 674 713 748 εἰς
731 669 860 756 ἐπήκοον
876 676 932 736 τοῦ
946 671 1098 751 βασιλέως
1111 670 1239 757 ἐβόησεν

125 771 166 839 “ri
194 769 394 860 πραιπόσιτος
419 772 601 862 Νικηφόρος
627 779 682 858 τῆς
703 771 806 861 χήρας
830 772 865 839 τδ
890 772 1081 861 κοομπάριον
1106 773 1238 862 γεμάτον

102 877 265 956 5νιατέπιε,
301 879 352 940 καλ
378 876 417 941 οδ
444 877 499 942 οὐκ
527 877 641 960 ῑσχάεις
664 885 755 944 τοῦτο
781 887 956 960 καταπιεῖν;
990 875 1083 960 χάνε,
1109 876 1236 946 κατάπιε

127 977 236 1046 αἰτό.”
289 985 380 1046 τοῦτο
410 982 511 1046 τοίνυν
543 978 680 1058 ἀκοόσας
701 978 718 1048 ὅ
740 980 887 1064 βασιλεὺς
912 977 1069 1070 ἠρώτησεν
1089 974 1174 1070 “oipoi
1202 1010 1235 1070 γε

125 1083 227 1166 άκμήν
256 1082 311 1149 οὐκ
338 1082 497 1168 ἔδιοικήθη
524 1082 544 1168 ἦ
570 1083 691 1170 χονή,·”
727 1088 779 1150 καὶ
810 1084 926 1168 pende
952 1085 998 1170 μή
1028 1088 1236 1170 διοικηδεΐσαν
1251 1093 1274 1147 Ρ
1290 1093 1325 1148 42

125 1184 266 1253 ἐκάλεσεν
296 1187 405 1251 αὐτίκα
436 1187 599 1274 Θεόδωρον
629 1186 911 1278 πρωτοσπαθάριον
938 1192 990 1254 καλ
1019 1187 1153 1276 ἔιταρχον
1181 1193 1236 1258 τδν

126 1288 287 1376 λεγόμενον
310 1289 486 1374 Μνάρχην,
512 1294 564 1356 καὶ
581 1293 731 1358 ἐκέλευσεν
749 1295 833 1381 αὐτῷ
850 1293 974 1378 κομίσαι
991 1289 1068 1370 ξόλα
1086 1297 1137 1358 καὶ
1154 1292 1234 1382 φρό-

83 1413 118 1466 10
127 1421 206 1481 ηανα
212 1442 223 1473 ,
249 1396 300 1458 καὶ
324 1401 451 1478 ποιῆσαι
478 1393 604 1478 κάμινον
624 1399 655 1460 έν
671 1403 709 1482 τῇ
727 1394 893 1484 σφενδόνῃ,
919 1399 971 1461 καλ
995 1405 1185 1464 κατακαῦσαι
1202 1402 1235 1464 έν

127 1499 207 1584 αὐτῇ
233 1496 286 1561 τὸν
310 1495 509 1585 πραιπόσιτον
534 1498 612 1581 μετὰ
629 1501 679 1564 καὶ
696 1505 751 1582 τῆς
767 1505 877 1583 στολῆς
895 1499 1000 1564 αδτοῦ.
1050 1497 1156 1584 λάθρα
1182 1493 1235 1568 οὖν

126 1601 182 1668 τδν
205 1597 405 1685 πραιπόσιτον
432 1602 587 1668 ἀπέστειλε
609 1602 687 1688 πρὸς
703 1603 757 1667 τδν
773 1602 905 1689 ἔπαρχον
922 1600 974 1668 διά
991 1627 1058 1667 τινα
1075 1599 1236 1669 ὖπόθεσιν.

126 1701 283 1792 κρατήσας
309 1706 343 1769 δέ
367 1704 460 1770 αὐτὸν
485 1702 502 1770 ὅ
526 1706 658 1790 ἔπαρχος
681 1703 837 1789 ήκόντισεν
855 1711 897 1784 είς
912 1706 964 1771 τὸν
981 1702 1119 1788 κάμινον.
1170 1704 1236 1774 εἶτα

126 1810 309 1896 προσέταξεν
327 1805 343 1873 ὃ
360 1806 522 1892 βασιλεύς,
550 1812 601 1874 καὶ
626 1810 741 1896 άπῇρεν
759 1807 779 1893 ή
795 1806 880 1896 χήρα
896 1809 931 1874 τδ
950 1810 1027 1874 ἴδιον
1044 1808 1235 1896 κοομπάριον

84 1925 118 1980 15
127 1915 178 1976 καὶ
200 1911 235 1976 τδ
259 1910 355 1992 ήμισν
373 1919 428 1993 τῆς
445 1909 642 1989 ὑποστάσεως
658 1919 714 1977 τοῦ
730 1914 942 1998 πραιποσίτον.
981 1914 1025 1976 -ἔν
1043 1913 1076 1976 δέ
1092 1919 1135 2001 τῷ
1151 1909 1235 2002 τόπῳ

127 2015 205 2080 ὅπου
223 2016 303 2080 ἐστὶν
319 2011 339 2096 ή
358 2015 517 2098 ἐκκλησία,
541 2007 579 2098 ήν
595 2013 616 2097 ή
635 2017 714 2080 οἲκία
730 2023 785 2100 τῆς
799 2014 917 2103 χήρας,
941 2017 993 2080 καὶ
1009 2015 1101 2097 ἔλαβε
1118 2042 1236 2104 προση-

126 2119 233 2203 γορίαν
250 2122 413 2180 καλεῖσθαι
430 2116 465 2180 τδ
483 2121 669 2202 καραβίτζιν.

231 2219 278 2283 Τδ
310 2217 555 2307 τζοκανιστήριον
588 2218 604 2286 ὁ
636 2219 746 2307 μικρός
780 2215 944 2296 Θεοδόσιος
974 2215 1081 2284 ἔκτισε.
1132 2219 1167 2284 τδ
1201 2221 1273 2288 δέΒ

196 2399 214 2452 4
233 2390 317 2464 νέμον
338 2397 360 2450 0
380 2414 439 2450 cum
456 2397 519 2452 vat
642 2397 659 2454 7
679 2393 846 2466 έδιοικήθη]
869 2392 903 2450 σά
922 2391 1053 2466 διῳκήθη
1071 2397 1156 2466 Reg„
1184 2392 1236 2452 οάκ

196 2460 351 2533 ἐδικαιώθη
368 2469 431 2523 Vat.
535 2463 584 2520 καλ
600 2463 719 2536 μαθών]
737 2462 755 2534 ἡ
775 2461 807 2518 δὲ
825 2462 894 2534 γονή
912 2464 1103 2533 παρισταμένη
1120 2466 1239 2532 πλησίον

195 2533 245 2588 καλ
273 2536 394 2588 πεσοῦσα
423 2527 469 2588 tel
498 2532 649 2604 πρόσωπον
677 2530 770 2589 ἐδέετο
800 2536 853 2588 τοῦ
878 2534 1012 2607 βασιλέως
1037 2529 1235 2604 ἐκδικηθῆναι.

196 2601 212 2658 ὁ
240 2599 272 2656 δὲ
301 2602 427 2674 βασιλεὺς
449 2601 526 2658 πάνυ
549 2603 688 2674 λυπηθείς
704 2603 752 2657 καλ
770 2599 912 2673 όργισθελς
929 2599 1040 2657 ἐκάλεσε
1057 2598 1107 2657 τόν
1123 2603 1237 2673 Μυριά-

196 2691 258 2741 ριον
285 2670 433 2741 λεγόμενον
458 2668 509 2727 τδν
535 2669 659 2743 ἔπαρχον
683 2669 799 2741 ὀνόματι
820 2672 979 2740 Θεόδωρον.
1001 2675 1035 2726 C.
1069 2670 1119 2726 καλ
1135 2669 1237 2743 τότεή

196 2738 267 2872 λιιι
290 2741 488 2877 σταλάει
513 2741 609 2866 τοι
630 2736 1144 2882 μιαίτιλτιιέλέτιειι
1160 2743 1237 2864 tu

197 2882 231 2932 11
251 2874 353 2946 στήλης
370 2881 447 2932 codd.
467 2881 577 2949 aliquot.
684 2875 782 2933 αάτοῦ.
809 2873 1040 2945 δνιαλπαραντα
1058 2875 1162 2945 γέγονε.
1188 2877 1238 2932 καὶ

206 2941 214 2964 Q
297 2942 304 2961 l

196 2966 216 3016 η
236 2965 286 3031 pov
325 2945 449 3018 ἀπέλαβε
466 2943 499 3000 τό
519 2949 593 3002 ἴδιον
608 2947 658 3002 καλ
675 2944 705 3004 ἐκ
723 2950 773 3017 τῆς
788 2943 967 3010 ὑποστάσεως
984 2942 1072 2998 αὐτοῦ
1082 2943 1133 2998 οὐκ
1145 2943 1235 3014 ὀλίγα.

197 3017 249 3068 δια
276 2965 308 3067 di
334 3011 366 3068 τδ
393 3013 558 3084 καταμένειν
583 3013 669 3073 ἐκεῖσε
696 3014 736 3080 εἰς
760 3012 812 3071 τόν
836 3011 893 3069 άπδ
919 3013 1070 3087 Βορβόρου
1089 3010 1169 3069 οἶκον
1186 3015 1238 3068 τοῦ

197 3085 370 3152 Μανριανοῦ
387 3079 440 3149 τὴν
457 3091 576 3153 γυναῖκα
593 3081 706 3140 ἐκάλεσε
724 3085 904 3156 Καραβίτζιν.
931 3087 965 3142 (i.
1104 3084 1139 3140 18
1156 3105 1183 3158 p·
1201 3086 1237 3142 23

196 3155 281 3208 Band.
387 3154 496 3211 alterum
514 3151 565 3224 τδ]
584 3150 634 3210 τόν
650 3152 682 3210 dl
699 3175 743 3225 τρ.
760 3173 800 3210 σπ.
822 3157 856 3210 C.
1179 3205 1183 3216 .

129 3309 285 3363 collocantes
303 3325 371 3361 unua
389 3308 466 3362 alteri
482 3311 643 3364 acclamabat
655 3305 752 3382 “aperi
763 3327 809 3379 ou,
828 3317 855 3366 et
866 3309 966 3380 degluti
978 3309 1048 3362 illam
1059 3302 1236 3362 naviculum.”

126 3397 237 3448 cumque
256 3378 322 3430 alter
341 3396 370 3431 se
386 3379 414 3431 id
431 3380 522 3432 facere
537 3397 615 3450 posse
632 3397 665 3434 ue
684 3389 753 3447 aret,
773 3381 910 3452 respondit
926 3380 971 3432 ille
987 3397 1081 3448 magna
1098 3397 1180 3446 voce,
1197 3379 1238 3430 ita

127 3455 159 3500 ut
177 3449 209 3500 ab
228 3447 387 3518 imperatore
404 3450 526 3502 exaudiri
545 3456 652 3518 posset,
683 3446 862 3520 ‘Nicephorua
883 3450 1052 3520 praepositus
1069 3448 1172 3518 plenam
1189 3447 1239 3500 tri·

126 3535 222 3570 remem
240 3518 338 3570 viduae
355 3518 484 3587 deglutire
503 3517 604 3588 potuit,
623 3528 651 3571 et
668 3526 696 3573 tu
710 3537 743 3572 ne
757 3521 886 3574 tantillam
899 3512 1044 3589 quidemi”
1080 3535 1131 3586 quo
1145 3518 1237 3570 audito

126 3588 304 3657 interrogavit
328 3588 470 3658 imperator
494 3605 528 3641 an
555 3589 668 3642 nondum
690 3590 730 3642 ius
753 3606 827 3642 auum
843 3590 888 3642 illa
905 3588 997 3658 mulier
1014 3587 1185 3653 obtinuisset,
1211 3591 1238 3637 et

128 3673 187 3710 eum
211 3665 383 3726 cognosceret
408 3658 520 3710 noudum
543 3659 642 3712 iactum
668 3676 741 3725 etse,
766 3659 826 3711 ilico
845 3660 878 3712 ad
896 3676 925 3712 ee
942 3657 1051 3710 vocavit
1067 3657 1237 3709 Theodorum

128 3727 372 3794 protospatharium
397 3735 424 3780 et
448 3729 612 3796 praefectum
639 3735 816 3797 nuncupatum
841 3727 1003 3797 Mparchen,
1030 3734 1058 3778 et
1081 3743 1140 3780 eum
1160 3724 1238 3778 iussit

128 3805 270 3878 apportare
289 3797 360 3864 ligna
379 3803 407 3848 et
423 3797 554 3865 virgulta,
582 3803 609 3850 et
626 3798 712 3866 ignem
730 3813 823 3867 parare
842 3799 868 3851 iu
888 3796 1054 3867 sphendone‚
1079 3805 1108 3848 et
1124 3810 1238 3865 praepo-

127 3875 205 3917 autum
231 3866 273 3918 uti
296 3873 355 3918 erat
378 3867 487 3918 amictus
510 3868 673 3921 comburere.
709 3867 849 3920 clanculum
868 3867 950 3936 igitur
966 3866 1110 3934 imperator
1126 3877 1238 3942 praepo-

127 3934 208 3986 aitum
235 3936 284 3986 sub
309 3935 360 3987 alio
384 3936 495 4004 quodam
521 3946 661 4004 praetextu
683 3937 819 4005 ablegavit
836 3939 869 3990 ad
887 3937 1066 4005 praelectum,
1092 3948 1174 3999 aquo
1192 3927 1238 3980 1lle

129 4003 333 4073 comprehensus
352 4011 380 4057 et
396 4005 424 4056 in
442 4005 570 4059 caminum
586 4007 722 4076 proiectus
740 4013 790 4059 eet.
824 4013 917 4075 postea
940 4012 1044 4068 autem,
1068 4007 1098 4053 ut
1121 4001 1238 4051 iusserat

128 4071 288 4140 imperator,
314 4075 395 4127 vidua
414 4075 546 4145 propriam
563 4093 656 4130 navem
675 4077 794 4145 recepit,
817 4084 845 4128 et
862 4076 971 4144 insuper
989 4071 1118 4124 dimidiam
1135 4071 1236 4132 partem

127 4142 256 4194 bonorum
273 4143 429 4213 praepositi.
467 4152 597 4198 caeterum
616 4145 660 4198 ubi
678 4150 805 4207 nunceet
822 4144 949 4209 ecclesia,
975 4143 1072 4194 domusv
1083 4141 1161 4187 antea
1178 4143 1237 4188 eret

128 4209 201 4262 illius
218 4211 327 4280 viduae,
348 4219 375 4265 et
392 4213 452 4265 hino
468 4213 543 4266 locus
560 4215 603 4268 ille
621 4216 777 4268 Carabitzin
793 4227 904 4268 vocatus
923 4217 972 4265 est.

234 4279 461 4348 szcauisterium
487 4283 571 4353 primo
595 4285 713 4340 condidit
735 4285 903 4339 Theodosius
926 4277 1023 4334 iunior.
1057 4274 1151 4341 postea
1168 4286 1237 4324 uero

174 4356 277 4428 (ένοις.
300 4359 364 4414 Cod.
387 4361 421 4414 de
443 4359 520 4430 Orig.
543 4361 590 4431 Cp.
