2802 4636
143 301 189 370 12
478 288 696 358 GEORGIUS
724 287 911 354 CODINUS

137 487 263 572 ἄγαλμα
284 480 363 548 κατὰ
387 479 443 565 τὴν
469 477 631 566 λεγομίνην
649 476 819 562 Βασιλικήν
836 476 983 562 ἀνίθηκε,
1009 477 1059 540 καί
1077 475 1250 562 ἐπέγραφεν

137 590 249 668 οὕτως·

303 689 356 755 τὸν
373 685 520 775 κρατερὸν
537 682 679 766 Βόζαντα
698 687 749 750 καί
767 682 891 772 ἱμερτήν
906 678 1073 748 Φιδάλειαν

303 793 379 858 κίονι
396 787 555 874 κοσμήσας
571 789 683 854 ἄνθετο
702 787 893 873 Καλλιάδης.

236 895 344 962 Ἀλλά
360 903 458 963 ταῦτα
479 895 536 976 μίν
562 893 884 980 άριστοκρατουμίνων
908 897 969 956 τῶν
986 887 1178 970 Βυζαντίων,
1205 885 1275 951 ἔτιὸ

139 1003 245 1068 δὲκαὶ
269 1000 518 1083 τυραννουμένων
544 998 622 1062 κατὰ
648 995 817 1085 διαφόρους
844 995 1016 1077 συμβέβηκε
1033 989 1181 1077 χρόνους·
1208 987 1252 1068 ὡς

65 1120 87 1170 Ρ
104 1117 121 1172 6
140 1109 174 1172 δί
190 1113 229 1192 τῇ
245 1111 306 1170 τῶν
321 1102 446 1169 δπάτων
463 1103 635 1195 ίπιστατείφ
652 1099 672 1183 ή
689 1109 751 1166 τῶν
763 1097 921 1180 Ῥωμαίων
939 1097 1018 1182 ἀρχή
1038 1095 1140 1172 πάσας
1155 1092 1248 1180 ὕπερ-

140 1208 284 1294 εβάλλετο
301 1208 357 1285 τὰς
375 1209 570 1284 δυναστείας,
597 1202 805 1271 κατεδούλωσε
823 1206 857 1269 δὲ
874 1206 924 1268 καί
936 1201 1104 1284 Ἓλληνας,
1128 1196 1251 1276 είκότως

137 1316 217 1401 αὐτῇ
244 1316 294 1378 καί
312 1309 475 1391 Βυζάντιοι
500 1307 677 1393 πειθόμενοι
705 1309 865 1374 διετέλουν.
916 1309 978 1371 ἐπεί
1005 1306 1038 1370 δὲ
1060 1302 1139 1388 μετά
1164 1329 1252 1379 τινας

134 1417 267 1506 χρόνους
283 1414 424 1500 Σεβήρου
442 1422 497 1498 τῆς
509 1411 630 1497 Ῥώμης
645 1409 862 1496 βασιλεύοντος
886 1409 973 1476 αὐτοὶ
990 1409 1046 1491 τήν
1063 1415 1119 1473 τοῦ
1135 1434 1249 1493 τυραν-
1259 1417 1294 1468 10

137 1522 287 1606 νήσαντος
300 1527 361 1585 τῶν
376 1516 461 1584 ἓιόων
470 1520 588 1603 Νίγρου
602 1514 845 1602 προτιμήσαντες
859 1515 966 1578 ἐλπίδα
979 1517 1022 1591 είς
1026 1525 1134 1599 χεῖρας
1148 1513 1251 1576 ἐλθεῖν

137 1624 310 1710 ἐτόλμησαν
334 1623 412 1711 πρὸς
433 1622 486 1688 τὸν
509 1618 740 1708 αὐτοκράτορα,
768 1618 988 1708 ἀφαιρεθίντες
1013 1624 1074 1683 τῶν
1090 1621 1254 1681 πολιτικῶν

139 1731 284 1808 δικαίων,
316 1731 367 1792 καὶ
398 1734 454 1811 τῆς
482 1723 636 1812 στεφάνης
662 1726 757 1806 αὐτῆς
785 1731 840 1790 τοῦ
867 1723 985 1804 τείχους
1015 1722 1251 1802 καταλυθείσης,

137 1834 331 1921 Πειρινθίοις
348 1827 525 1914 ἐτάχθησαν
543 1826 696 1894 δουλεύειν
719 1838 783 1904 τοῖς
804 1827 1002 1908 καλουμένοις
1013 1821 1255 1907 Ἡρακλεώταις.

137 1937 336 2020 παυσαμένης
363 1936 396 2000 δὲ
418 1941 474 2019 τῆς
498 1933 590 2020 ὀργῆς
611 1941 667 1998 τοῦ
691 1929 832 2017 Σεβήρου
861 1922 956 2006 αὖθις
979 1935 1088 1994 τοῦτον
1104 1928 1193 2011 ἴσχον
1210 1930 1294 2004 είς15

138 2042 286 2123 βασιλέα,
312 2039 347 2118 ὃς
372 2042 423 2104 καί
449 2041 491 2114 είς
516 2040 638 2120 μείζονα
662 2039 713 2102 καί
731 2041 885 2124 περιφανῆ
901 2030 1016 2116 κόσμον
1032 2030 1200 2118 ἐπανήγαγε
1216 2030 1253 2097 τὸ

101 2143 320 2224 ΒΒυζάντιου.
371 2141 500 2224 λουτρόν
524 2143 580 2222 μίν
610 2142 751 2226 μίγιστον
783 2140 862 2204 κατὰ
886 2138 940 2203 τὸν
963 2143 1020 2202 τοῦ
1046 2137 1151 2202 ἱππίου
1173 2135 1255 2212 Διὸς

138 2245 265 2330 βωμόν,
290 2243 358 2326 ήτοι
376 2242 410 2306 td
424 2241 615 2327 Ἡρακλέους
631 2240 817 2325 καλούμενον
835 2241 946 2319 ι’ίλσος,
972 2237 1147 2329 ἀνήγειρεν,
1173 2239 1254 2305 ἔνθα
1277 2293 1279 2308 .

140 2351 179 2434 δὴ
206 2351 257 2414 καί
282 2347 338 2422 τὰς
354 2342 534 2426 Διομήδους
558 2344 750 2426 δαμάσαντες
771 2348 885 2420 ἰ’ππους
901 2341 1074 2422 Ζεόξιππον
1090 2344 1142 2410 τδυ
1158 2341 1253 2409 τόπον

141 2449 316 2536 ὠνόμασαν.
368 2451 419 2514 καί
436 2447 488 2512 τὸν
507 2448 601 2512 αὐτοῦ
618 2447 821 2532 πλησιάζοντα
836 2455 940 2536 χῶρον
955 2455 1011 2514 τοῦ
1036 2448 1294 2537 ἷπποδρομίου,λο
1390 2451 1391 2460 ’

143 2567 206 2633 τοῖς
222 2562 276 2622 τοῦ
294 2551 373 2629 Διὸς
390 2553 584 2634 ἀνακείμενον
601 2550 740 2638 κοόροις,
767 2553 874 2638 ἰκρίοις
889 2578 921 2618 τε
945 2554 997 2618 καί
1023 2561 1128 2630 στοαῒς
1153 2549 1254 2618 διεκό-

142 2684 275 2744 αμησεν,
308 2658 387 2723 ἔνθα
419 2659 469 2720 καί
498 2663 552 2721 νῦν
575 2657 605 2722 οἱ
632 2661 807 2744 καμπτῆρες
830 2658 957 2740 δηλοῦσι
980 2654 1020 2721 τά
1045 2662 1107 2722 τῶν
1131 2654 1254 2744 ἐφόρων

211 2875 229 2928 4
245 2872 329 2942 κίονι]
347 2867 391 2925 εἰν
409 2862 451 2924 e‘vi
469 2871 534 2926 Hes.
551 2861 657 2924 ίνθοίδε
673 2870 733 2925 cod.
751 2869 944 2925 vallicellanus.
1041 2869 1059 2926 7
1076 2863 1251 2943 ἐπιστρατείᾳ

210 2945 300 3013 vulgo.
405 2935 637 3002 leotrannus.
743 2939 778 2994 14
793 2938 1027 3012 προσετάγθηοαν
1045 2940 1112 2994 Hes.

141 3133 248 3186 celebre
268 3131 334 3184 illud
359 3134 389 3183 et
412 3130 588 3184 admirandum
605 3129 734 3198 Byzantia
752 3130 917 3184 simulacrum
934 3129 962 3183 in
978 3127 1094 3182 Basilica
1110 3144 1251 3182 consecra-

141 3203 196 3271 rit,
215 3219 272 3256 cum
288 3202 340 3254 hac
355 3201 529 3270 inscriptione

348 3270 537 3340 magnanimum
553 3271 701 3338 Byzantem
718 3286 775 3324 oum
792 3275 869 3340 grata
886 3267 1038 3337 Phidalaea,

385 3341 471 3394 erexit
487 3341 584 3392 iunctis
602 3340 733 3392 Calliades
751 3341 857 3394 statuis.

244 3409 356 3462 Ethaeo
367 3410 469 3477 quidem
475 3409 613 3478 Byzantiis
625 3409 720 3480 partim
732 3412 780 3462 sub
792 3411 945 3480 optimatum
956 3409 1051 3480 partim
1063 3410 1112 3464 sub
1123 3413 1250 3478 tyranno-

140 3497 197 3533 rum
209 3477 316 3549 imperio
330 3479 444 3533 diversis
456 3480 618 3548 temporibus
634 3479 799 3534 acciderunt.
826 3487 958 3532 caeterum
970 3487 1106 3550 postquam
1122 3483 1253 3534 consulari

140 3550 241 3601 virtute
259 3549 403 3601 Romanum
419 3551 556 3620 imperium
574 3549 690 3618 reliquas
707 3565 795 3602 omnes
818 3556 965 3620 potestates
991 3557 1179 3618 superaverat,
1208 3569 1253 3603 re·

141 3620 220 3670 dacte
245 3618 296 3670 iam
318 3619 346 3670 in
371 3621 528 3672 servitutem
552 3618 669 3670 Graecia
691 3621 788 3672 merito
814 3637 844 3671 sa
868 3635 973 3688 quoque
1005 3619 1044 3672 illi
1074 3622 1253 3673 submiserunt

140 3688 276 3755 Byzantii.
312 3689 447 3756 aliquanto
476 3697 564 3741 tamen
589 3695 668 3757 post,
697 3689 799 3741 Severo
828 3689 953 3741 Romanis
983 3689 1144 3759 imperante,
1172 3690 1254 3759 Nigri

141 3757 264 3812 Orientis
289 3759 398 3826 tyranni
422 3765 513 3828 partes
541 3757 624 3811 secuti
649 3775 707 3811 cum
734 3759 894 3829 imperatore
919 3775 1009 3812 manus
1034 3777 1175 3814 conserere
1193 3763 1251 3812 ausi

141 3835 220 3892 sunt3
238 3829 404 3896 quamobrem
422 3829 481 3881 iure
500 3828 616 3882 civitatis
627 3827 747 3894 multati,
764 3828 951 3896 moenibusque
963 3827 1035 3881 urbis
1046 3830 1163 3884 funditus
1176 3848 1253 3884 ever-

142 3898 195 3964 sis;
222 3898 414 3950 Perinthiorum
432 3906 603 3968 cognomento
620 3897 828 3950 Heracliensium
846 3899 959 3950 servitio
981 3899 1082 3952 addicti
1099 3908 1169 3954 sunt.
1204 3900 1252 3951 sed

117 4029 119 4034 Ι
141 3969 236 4020 sedata
253 3985 313 4020 mex
330 3968 428 4020 Severi
446 3968 627 4038 indignatione
644 3983 735 4018 rursus
753 3967 836 4019 eidem
853 3978 997 4035 paruerunt
1014 3969 1182 4040 imperatori3
1207 3970 1253 4038 qni

141 4037 221 4090 etiam
246 4037 388 4090 maioribus
418 4043 497 4106 atque
529 4037 716 4090 illustrioribus
747 4039 907 4090 ornamentis
934 4038 1092 4106 Byzantium
1120 4039 1252 4093 restituit.

142 4123 201 4157 narn
219 4107 341 4160 balneum
358 4109 493 4160 exstruxit
509 4107 695 4176 amplissimum
712 4106 787 4159 iuxta
804 4107 877 4158 lovis
896 4108 1028 4176 equestris
1045 4125 1133 4176 arum,
1161 4116 1189 4160 et
1214 4109 1253 4162 lu-

142 4192 201 4228 cum
217 4175 360 4244 Herculis,
389 4179 435 4247 qui
452 4177 558 4230 domitis
574 4177 612 4229 ibi
629 4176 763 4228 Diomedis
780 4175 854 4244 equis
870 4176 1001 4246 Zeuxippi
1018 4194 1112 4230 nornen
1129 4177 1185 4230 loco
1207 4179 1253 4230 de·

142 4243 213 4296 disse
230 4247 359 4302 creditur.
392 4249 455 4301 item
473 4247 585 4299 vicinum
599 4245 975 4317 Hippodromum,1)ioscnris
993 4263 1108 4312 sacrum,
1127 4247 1254 4300 tabulatis

144 4321 172 4366 et
189 4318 334 4382 porticibus
352 4319 509 4385 exornavit,
540 4317 586 4370 ubi
605 4333 689 4386 usque
706 4333 774 4368 nunc
792 4321 875 4368 metue
893 4315 1000 4368 deorum
1018 4317 1167 4386 praesidum
1185 4316 1253 4370 indi-
