<?xml version="1.0" encoding="UTF-8"?>
<!DOCTYPE html PUBLIC "-//W3C//DTD XHTML 1.0 Transitional//EN"
    "http://www.w3.org/TR/xhtml1/DTD/xhtml1-transitional.dtd">
<html xmlns="http://www.w3.org/1999/xhtml" xml:lang="en" lang="en">
 <head>
  <title>
</title>
<meta http-equiv="Content-Type" content="text/html;charset=utf-8" />
  <meta name='ocr-system' content='tesseract 3.04.00' />
  <meta name='ocr-capabilities' content='ocr_page ocr_carea ocr_par ocr_line ocrx_word'/>
</head>
<body>
  <div class='ocr_page' id='page_1' title='image "./excerptadeantiq00codigoog_0022.png"; bbox 0 0 2802 4636; ppageno 0'>
   <div class='ocr_carea' id='block_1_1' title="bbox 494 311 1262 387">
    <p class='ocr_par' dir='ltr' id='par_1_1' title="bbox 494 311 1262 387">
     <span class='ocr_line' id='line_1_1' title="bbox 494 311 1262 387; baseline 0.003 -3"><span class='ocrx_word' id='word_1_1' title='bbox 494 311 552 384; x_wconf 78' lang='lat' dir='ltr'><strong>DE</strong></span> <span class='ocrx_word' id='word_1_2' title='bbox 579 318 830 387; x_wconf 86' lang='lat' dir='ltr'><strong>ORIGINIBUS</strong></span> <span class='ocrx_word' id='word_1_3' title='bbox 858 319 941 385; x_wconf 68' lang='lat' dir='ltr'><strong>cit·</strong></span> <span class='ocrx_word' id='word_1_4' title='bbox 1239 319 1262 386; x_wconf 85' lang='lat'>5</span> 
     </span>
    </p>
   </div>
   <div class='ocr_carea' id='block_1_2' title="bbox 70 504 1303 2356">
    <p class='ocr_par' dir='ltr' id='par_1_2' title="bbox 70 504 1303 2356">
     <span class='ocr_line' id='line_1_2' title="bbox 155 504 1263 597; baseline -0.003 -25"><span class='ocrx_word' id='word_1_5' title='bbox 155 513 210 572; x_wconf 82' lang='grc' dir='ltr'><strong><em>τού</em></strong></span> <span class='ocrx_word' id='word_1_6' title='bbox 223 504 339 590; x_wconf 77' lang='grc' dir='ltr'><strong><em>χοιρίον</em></strong></span> <span class='ocrx_word' id='word_1_7' title='bbox 356 506 391 571; x_wconf 83' lang='grc' dir='ltr'><strong><em>τό</em></strong></span> <span class='ocrx_word' id='word_1_8' title='bbox 409 504 506 591; x_wconf 80' lang='grc' dir='ltr'><strong><em>ὄνομα</em></strong></span> <span class='ocrx_word' id='word_1_9' title='bbox 520 511 760 596; x_wconf 48' lang='lat' dir='ltr'><strong>‘apruntinum</strong></span> <span class='ocrx_word' id='word_1_10' title='bbox 778 509 808 574; x_wconf 84' lang='lat' dir='ltr'><strong>oi</strong></span> <span class='ocrx_word' id='word_1_11' title='bbox 825 508 857 574; x_wconf 69' lang='lat' dir='ltr'><strong>de*</strong></span> <span class='ocrx_word' id='word_1_12' title='bbox 875 513 914 594; x_wconf 79' lang='grc' dir='ltr'><strong><em>τῆ</em></strong></span> <span class='ocrx_word' id='word_1_13' title='bbox 924 513 984 572; x_wconf 76' lang='grc' dir='ltr'><strong>τῶν</strong></span> <span class='ocrx_word' id='word_1_14' title='bbox 996 511 1120 592; x_wconf 76' lang='grc' dir='ltr'><strong><em>καρπῶν</em></strong></span> <span class='ocrx_word' id='word_1_15' title='bbox 1134 505 1263 597; x_wconf 76' lang='grc' dir='ltr'><strong><em>εόφορίρ</em></strong></span> 
     </span>
     <span class='ocr_line' id='line_1_3' title="bbox 70 607 1264 699; baseline 0.001 -25"><span class='ocrx_word' id='word_1_16' title='bbox 70 652 71 656; x_wconf 61' lang='lat'><em>=</em></span> <span class='ocrx_word' id='word_1_17' title='bbox 157 612 191 674; x_wconf 82' lang='grc' dir='ltr'><strong><em>τό</em></strong></span> <span class='ocrx_word' id='word_1_18' title='bbox 209 616 263 690; x_wconf 87' lang='grc' dir='ltr'><strong>τῆς</strong></span> <span class='ocrx_word' id='word_1_19' title='bbox 274 611 464 694; x_wconf 66' lang='grc' dir='ltr'><strong><em>Ἀμαλθείας</em></strong></span> <span class='ocrx_word' id='word_1_20' title='bbox 482 613 568 697; x_wconf 70' lang='grc' dir='ltr'><strong><em>αἰγός</em></strong></span> <span class='ocrx_word' id='word_1_21' title='bbox 585 615 676 699; x_wconf 86' lang='grc' dir='ltr'><strong><em>κίρας</em></strong></span> <span class='ocrx_word' id='word_1_22' title='bbox 699 609 988 699; x_wconf 85' lang='grc' dir='ltr'><strong><em>προσαγορεύουσιν.</em></strong></span> <span class='ocrx_word' id='word_1_23' title='bbox 1037 607 1059 694; x_wconf 84' lang='grc' dir='ltr'><strong><em>ῆ</em></strong></span> <span class='ocrx_word' id='word_1_24' title='bbox 1083 611 1183 675; x_wconf 86' lang='grc' dir='ltr'><strong><em>τοίνυν</em></strong></span> <span class='ocrx_word' id='word_1_25' title='bbox 1201 614 1264 676; x_wconf 83' lang='grc' dir='ltr'><strong>Κε-</strong></span> 
     </span>
     <span class='ocr_line' id='line_1_4' title="bbox 157 711 1265 806; baseline 0.001 -28"><span class='ocrx_word' id='word_1_26' title='bbox 157 711 270 798; x_wconf 89' lang='grc' dir='ltr'><strong><em>ρόεσσα</em></strong></span> <span class='ocrx_word' id='word_1_27' title='bbox 296 726 449 804; x_wconf 78' lang='grc' dir='ltr'><strong><em>τραφεῖσα</em></strong></span> <span class='ocrx_word' id='word_1_28' title='bbox 467 719 518 780; x_wconf 79' lang='grc' dir='ltr'><strong>καί</strong></span> <span class='ocrx_word' id='word_1_29' title='bbox 544 716 710 806; x_wconf 76' lang='grc' dir='ltr'><em>παραδόξῳ</em></span> <span class='ocrx_word' id='word_1_30' title='bbox 733 724 840 804; x_wconf 83' lang='grc' dir='ltr'><strong><em>μορφῇ</em></strong></span> <span class='ocrx_word' id='word_1_31' title='bbox 863 717 1097 802; x_wconf 73' lang='grc' dir='ltr'><strong><em>λαμπρυνθεῒσα</em></strong></span> <span class='ocrx_word' id='word_1_32' title='bbox 1113 715 1191 778; x_wconf 85' lang='grc' dir='ltr'><strong><em>πολύ</em></strong></span> <span class='ocrx_word' id='word_1_33' title='bbox 1209 715 1265 791; x_wconf 79' lang='grc' dir='ltr'><strong>τὰς</strong></span> 
     </span>
     <span class='ocr_line' id='line_1_5' title="bbox 159 815 1265 908; baseline 0.001 -27"><span class='ocrx_word' id='word_1_34' title='bbox 159 819 298 908; x_wconf 77' lang='grc' dir='ltr'><strong><em>Θρᾳκίας</em></strong></span> <span class='ocrx_word' id='word_1_35' title='bbox 317 815 505 906; x_wconf 80' lang='grc' dir='ltr'><strong><em>ύπερίβαλλε</em></strong></span> <span class='ocrx_word' id='word_1_36' title='bbox 527 823 713 906; x_wconf 71' lang='grc' dir='ltr'><strong><em>παρθένους.</em></strong></span> <span class='ocrx_word' id='word_1_37' title='bbox 765 827 810 908; x_wconf 78' lang='grc' dir='ltr'><strong><em>τῆν’</em></strong></span> <span class='ocrx_word' id='word_1_38' title='bbox 832 821 865 886; x_wconf 79' lang='grc' dir='ltr'><strong><em>ἀί</em></strong></span> <span class='ocrx_word' id='word_1_39' title='bbox 881 820 1040 906; x_wconf 74' lang='grc' dir='ltr'><strong><em>θαλαττίῳ</em></strong></span> <span class='ocrx_word' id='word_1_40' title='bbox 1056 827 1177 903; x_wconf 82' lang='grc' dir='ltr'><strong><em>μιγεῖσα</em></strong></span> <span class='ocrx_word' id='word_1_41' title='bbox 1194 821 1265 882; x_wconf 86' lang='grc' dir='ltr'><strong>Πο-</strong></span> 
     </span>
     <span class='ocr_line' id='line_1_6' title="bbox 131 920 1264 1008; baseline -0.001 -21"><span class='ocrx_word' id='word_1_42' title='bbox 131 926 277 987; x_wconf 71' lang='grc' dir='ltr'><strong><em>δσειόῶνι</em></strong></span> <span class='ocrx_word' id='word_1_43' title='bbox 301 924 392 989; x_wconf 81' lang='grc' dir='ltr'><strong><em>τίκτει</em></strong></span> <span class='ocrx_word' id='word_1_44' title='bbox 419 923 473 988; x_wconf 87' lang='grc' dir='ltr'><strong>τόν</strong></span> <span class='ocrx_word' id='word_1_45' title='bbox 494 923 681 1008; x_wconf 88' lang='grc' dir='ltr'><strong><em>καλούμενον</em></strong></span> <span class='ocrx_word' id='word_1_46' title='bbox 704 923 863 1004; x_wconf 85' lang='grc' dir='ltr'><strong><em>Βύζαντα,</em></strong></span> <span class='ocrx_word' id='word_1_47' title='bbox 889 923 924 990; x_wconf 83' lang='grc' dir='ltr'><strong><em>τό</em></strong></span> <span class='ocrx_word' id='word_1_48' title='bbox 950 921 1048 1006; x_wconf 86' lang='grc' dir='ltr'><strong><em>όνομα</em></strong></span> <span class='ocrx_word' id='word_1_49' title='bbox 1072 920 1207 1004; x_wconf 90' lang='grc' dir='ltr'><strong><em>λαβόντα</em></strong></span> <span class='ocrx_word' id='word_1_50' title='bbox 1231 923 1264 986; x_wconf 69' lang='grc' dir='ltr'><strong>ἔκ</strong></span> 
     </span>
     <span class='ocr_line' id='line_1_7' title="bbox 154 1018 1265 1119; baseline -0.002 -29"><span class='ocrx_word' id='word_1_51' title='bbox 154 1033 211 1109; x_wconf 87' lang='grc' dir='ltr'><strong>τῆς</strong></span> <span class='ocrx_word' id='word_1_52' title='bbox 228 1023 394 1112; x_wconf 73' lang='grc' dir='ltr'><strong><em>θρεψάσης</em></strong></span> <span class='ocrx_word' id='word_1_53' title='bbox 411 1027 504 1094; x_wconf 71' lang='grc' dir='ltr'><strong><em>αὐτόν</em></strong></span> <span class='ocrx_word' id='word_1_54' title='bbox 520 1029 600 1095; x_wconf 81' lang='grc' dir='ltr'><strong><em>κατὰ</em></strong></span> <span class='ocrx_word' id='word_1_55' title='bbox 616 1029 673 1112; x_wconf 84' lang='grc' dir='ltr'><strong>τὴν</strong></span> <span class='ocrx_word' id='word_1_56' title='bbox 691 1029 818 1119; x_wconf 66' lang='grc' dir='ltr'><strong><em>Θρηίκην</em></strong></span> <span class='ocrx_word' id='word_1_57' title='bbox 834 1025 958 1115; x_wconf 89' lang='grc' dir='ltr'><strong><em>νύμφης</em></strong></span> <span class='ocrx_word' id='word_1_58' title='bbox 975 1029 1103 1108; x_wconf 85' lang='grc' dir='ltr'><strong><em>Βοζίης,</em></strong></span> <span class='ocrx_word' id='word_1_59' title='bbox 1121 1018 1158 1108; x_wconf 80' lang='grc' dir='ltr'><strong>ῆς</strong></span> <span class='ocrx_word' id='word_1_60' title='bbox 1174 1025 1265 1109; x_wconf 85' lang='grc' dir='ltr'><strong><em>μίχρι</em></strong></span> 
     </span>
     <span class='ocr_line' id='line_1_8' title="bbox 156 1123 1267 1221; baseline -0.001 -27"><span class='ocrx_word' id='word_1_61' title='bbox 156 1133 207 1194; x_wconf 80' lang='grc' dir='ltr'><strong>καί</strong></span> <span class='ocrx_word' id='word_1_62' title='bbox 225 1137 280 1194; x_wconf 80' lang='grc' dir='ltr'><strong>νῦν</strong></span> <span class='ocrx_word' id='word_1_63' title='bbox 298 1131 328 1194; x_wconf 89' lang='lat' dir='ltr'><strong>oi</strong></span> <span class='ocrx_word' id='word_1_64' title='bbox 344 1137 465 1198; x_wconf 79' lang='grc' dir='ltr'><strong><em>πολῖται</em></strong></span> <span class='ocrx_word' id='word_1_65' title='bbox 482 1137 543 1197; x_wconf 79' lang='grc' dir='ltr'><strong>τῶν</strong></span> <span class='ocrx_word' id='word_1_66' title='bbox 558 1129 682 1200; x_wconf 70' lang='lat' dir='ltr'><strong>ciriciacus</strong></span> <span class='ocrx_word' id='word_1_67' title='bbox 700 1133 855 1221; x_wconf 89' lang='grc' dir='ltr'><strong><em>ἀρύονται.</em></strong></span> <span class='ocrx_word' id='word_1_68' title='bbox 899 1130 941 1208; x_wconf 80' lang='grc' dir='ltr'><strong>ὡς</strong></span> <span class='ocrx_word' id='word_1_69' title='bbox 958 1123 1010 1196; x_wconf 86' lang='grc' dir='ltr'><strong>ούν</strong></span> <span class='ocrx_word' id='word_1_70' title='bbox 1029 1131 1076 1194; x_wconf 73' lang='grc' dir='ltr'><strong>ἰπὶ</strong></span> <span class='ocrx_word' id='word_1_71' title='bbox 1094 1136 1148 1212; x_wconf 86' lang='grc' dir='ltr'><strong>τῆς</strong></span> <span class='ocrx_word' id='word_1_72' title='bbox 1165 1130 1267 1213; x_wconf 84' lang='grc' dir='ltr'><strong><em>ἀκμῆς</em></strong></span> 
     </span>
     <span class='ocr_line' id='line_1_9' title="bbox 155 1231 1265 1325; baseline -0.001 -28"><span class='ocrx_word' id='word_1_73' title='bbox 155 1240 211 1318; x_wconf 86' lang='grc' dir='ltr'><strong>τῆς</strong></span> <span class='ocrx_word' id='word_1_74' title='bbox 235 1232 354 1318; x_wconf 84' lang='grc' dir='ltr'><strong><em>ῆλικίας</em></strong></span> <span class='ocrx_word' id='word_1_75' title='bbox 381 1233 396 1300; x_wconf 84' lang='grc' dir='ltr'><em>ὃ</em></span> <span class='ocrx_word' id='word_1_76' title='bbox 423 1237 490 1312; x_wconf 87' lang='grc' dir='ltr'><strong><em>νίος</em></strong></span> <span class='ocrx_word' id='word_1_77' title='bbox 514 1235 615 1317; x_wconf 73' lang='grc' dir='ltr'><strong><em>ίβαινε</em></strong></span> <span class='ocrx_word' id='word_1_78' title='bbox 642 1240 693 1302; x_wconf 76' lang='grc' dir='ltr'><strong>καί</strong></span> <span class='ocrx_word' id='word_1_79' title='bbox 721 1248 785 1314; x_wconf 73' lang='grc' dir='ltr'><strong><em>τοῖς</em></strong></span> <span class='ocrx_word' id='word_1_80' title='bbox 806 1236 955 1325; x_wconf 79' lang='grc' dir='ltr'><strong><em>Θρᾳκίοις</em></strong></span> <span class='ocrx_word' id='word_1_81' title='bbox 972 1235 1152 1318; x_wconf 74' lang='grc' dir='ltr'><strong><em>ίνάιίτριβεν</em></strong></span> <span class='ocrx_word' id='word_1_82' title='bbox 1169 1231 1265 1320; x_wconf 85' lang='grc' dir='ltr'><strong><em>όρεσι,</em></strong></span> 
     </span>
     <span class='ocr_line' id='line_1_10' title="bbox 156 1335 1303 1428; baseline -0.003 -27"><span class='ocrx_word' id='word_1_83' title='bbox 156 1337 291 1424; x_wconf 87' lang='grc' dir='ltr'><strong><em>φοβερὸς</em></strong></span> <span class='ocrx_word' id='word_1_84' title='bbox 307 1337 384 1424; x_wconf 82' lang='grc' dir='ltr'><strong><em>πρός</em></strong></span> <span class='ocrx_word' id='word_1_85' title='bbox 400 1339 472 1416; x_wconf 81' lang='grc' dir='ltr'><strong><em>τούς</em></strong></span> <span class='ocrx_word' id='word_1_86' title='bbox 488 1345 594 1428; x_wconf 76' lang='grc' dir='ltr'><strong><em>θῆρας</em></strong></span> <span class='ocrx_word' id='word_1_87' title='bbox 611 1342 751 1419; x_wconf 78' lang='grc' dir='ltr'><strong><em>καὶτοὺς</em></strong></span> <span class='ocrx_word' id='word_1_88' title='bbox 772 1337 954 1426; x_wconf 78' lang='grc' dir='ltr'><strong><em>βαρβάρους</em></strong></span> <span class='ocrx_word' id='word_1_89' title='bbox 979 1335 1162 1426; x_wconf 87' lang='grc' dir='ltr'><strong><em>φερόμενος,</em></strong></span> <span class='ocrx_word' id='word_1_90' title='bbox 1188 1363 1262 1421; x_wconf 85' lang='grc' dir='ltr'><strong><em>πρε·</em></strong></span> <span class='ocrx_word' id='word_1_91' title='bbox 1281 1347 1303 1398; x_wconf 84' lang='lat' dir='ltr'>C</span> 
     </span>
     <span class='ocr_line' id='line_1_11' title="bbox 114 1439 1267 1527; baseline -0.001 -23"><span class='ocrx_word' id='word_1_92' title='bbox 114 1455 149 1506; x_wconf 84' lang='grc'><strong>10</strong></span> <span class='ocrx_word' id='word_1_93' title='bbox 158 1444 263 1523; x_wconf 88' lang='grc' dir='ltr'><strong><em>σβειάς</em></strong></span> <span class='ocrx_word' id='word_1_94' title='bbox 291 1443 409 1525; x_wconf 56' lang='lat' dir='ltr'><strong>{tigno</strong></span> <span class='ocrx_word' id='word_1_95' title='bbox 432 1440 492 1509; x_wconf 84' lang='grc' dir='ltr'><strong>ύπό</strong></span> <span class='ocrx_word' id='word_1_96' title='bbox 518 1443 767 1526; x_wconf 82' lang='grc' dir='ltr'><strong><em>τῶντοιούτων,</em></strong></span> <span class='ocrx_word' id='word_1_97' title='bbox 800 1442 964 1527; x_wconf 82' lang='grc' dir='ltr'><strong><em>σύμμαχος</em></strong></span> <span class='ocrx_word' id='word_1_98' title='bbox 989 1441 1094 1519; x_wconf 78' lang='grc' dir='ltr'><strong><em>αὐτοῖς</em></strong></span> <span class='ocrx_word' id='word_1_99' title='bbox 1116 1439 1189 1506; x_wconf 71' lang='grc' dir='ltr'><strong><em>εἶναι</em></strong></span> <span class='ocrx_word' id='word_1_100' title='bbox 1215 1443 1267 1506; x_wconf 79' lang='grc' dir='ltr'><strong>καί</strong></span> 
     </span>
     <span class='ocr_line' id='line_1_12' title="bbox 157 1542 1267 1636; baseline -0.001 -27"><span class='ocrx_word' id='word_1_101' title='bbox 157 1549 247 1632; x_wconf 81' lang='grc' dir='ltr'><strong><em>φίλος</em></strong></span> <span class='ocrx_word' id='word_1_102' title='bbox 263 1543 516 1633; x_wconf 88' lang='grc' dir='ltr'><strong><em>προτρεπόμενος.</em></strong></span> <span class='ocrx_word' id='word_1_103' title='bbox 568 1545 610 1626; x_wconf 81' lang='grc' dir='ltr'><strong>ὡς</strong></span> <span class='ocrx_word' id='word_1_104' title='bbox 628 1542 682 1614; x_wconf 81' lang='grc' dir='ltr'><strong>οάν</strong></span> <span class='ocrx_word' id='word_1_105' title='bbox 700 1552 750 1613; x_wconf 81' lang='grc' dir='ltr'><strong>καὶ</strong></span> <span class='ocrx_word' id='word_1_106' title='bbox 768 1549 892 1624; x_wconf 83' lang='grc' dir='ltr'><strong><em>Μελίας</em></strong></span> <span class='ocrx_word' id='word_1_107' title='bbox 908 1544 924 1611; x_wconf 83' lang='grc' dir='ltr'><em>ὃ</em></span> <span class='ocrx_word' id='word_1_108' title='bbox 942 1553 1004 1612; x_wconf 81' lang='grc' dir='ltr'><strong>τῶν</strong></span> <span class='ocrx_word' id='word_1_109' title='bbox 1023 1545 1155 1636; x_wconf 79' lang='grc' dir='ltr'><strong><em>Θρηκιῆν</em></strong></span> <span class='ocrx_word' id='word_1_110' title='bbox 1172 1552 1267 1627; x_wconf 92' lang='grc' dir='ltr'><strong><em>βασι-</em></strong></span> 
     </span>
     <span class='ocr_line' id='line_1_13' title="bbox 156 1645 1266 1738; baseline 0 -25"><span class='ocrx_word' id='word_1_111' title='bbox 156 1651 227 1727; x_wconf 86' lang='grc' dir='ltr'><strong><em>λεύς</em></strong></span> <span class='ocrx_word' id='word_1_112' title='bbox 248 1650 342 1716; x_wconf 83' lang='grc' dir='ltr'><strong><em>αύτὸν</em></strong></span> <span class='ocrx_word' id='word_1_113' title='bbox 364 1651 412 1716; x_wconf 73' lang='lat' dir='ltr'><strong>int</strong></span> <span class='ocrx_word' id='word_1_114' title='bbox 435 1651 488 1719; x_wconf 83' lang='grc' dir='ltr'><strong>τόν</strong></span> <span class='ocrx_word' id='word_1_115' title='bbox 512 1657 568 1717; x_wconf 85' lang='grc' dir='ltr'><strong><em>τού</em></strong></span> <span class='ocrx_word' id='word_1_116' title='bbox 591 1653 692 1738; x_wconf 74' lang='grc' dir='ltr'><strong><em>θηρός</em></strong></span> <span class='ocrx_word' id='word_1_117' title='bbox 714 1645 815 1718; x_wconf 74' lang='grc' dir='ltr'><strong><em>ἆθλον</em></strong></span> <span class='ocrx_word' id='word_1_118' title='bbox 831 1651 1066 1735; x_wconf 81' lang='grc' dir='ltr'><strong><em>μετεπίμψατο,</em></strong></span> <span class='ocrx_word' id='word_1_119' title='bbox 1093 1649 1217 1724; x_wconf 80' lang='grc' dir='ltr'><strong><em>καὶτὰς</em></strong></span> <span class='ocrx_word' id='word_1_120' title='bbox 1234 1651 1266 1724; x_wconf 70' lang='grc' dir='ltr'><strong>ἐξ</strong></span> 
     </span>
     <span class='ocr_line' id='line_1_14' title="bbox 156 1751 1267 1841; baseline -0.002 -23"><span class='ocrx_word' id='word_1_121' title='bbox 156 1753 255 1819; x_wconf 86' lang='grc' dir='ltr'><strong><em>αύτού</em></strong></span> <span class='ocrx_word' id='word_1_122' title='bbox 278 1751 371 1832; x_wconf 80' lang='grc' dir='ltr'><strong><em>δόξας</em></strong></span> <span class='ocrx_word' id='word_1_123' title='bbox 395 1751 411 1818; x_wconf 84' lang='grc' dir='ltr'><strong>ὅ</strong></span> <span class='ocrx_word' id='word_1_124' title='bbox 438 1753 542 1835; x_wconf 86' lang='grc' dir='ltr'><strong><em>Βύζας</em></strong></span> <span class='ocrx_word' id='word_1_125' title='bbox 565 1756 771 1841; x_wconf 69' lang='grc' dir='ltr'><strong><em>ἀπηνέγκατο,</em></strong></span> <span class='ocrx_word' id='word_1_126' title='bbox 802 1757 857 1822; x_wconf 85' lang='grc' dir='ltr'><strong>τὸν</strong></span> <span class='ocrx_word' id='word_1_127' title='bbox 878 1753 1067 1840; x_wconf 84' lang='grc' dir='ltr'><strong><em>ύποταγίντα</em></strong></span> <span class='ocrx_word' id='word_1_128' title='bbox 1090 1759 1205 1839; x_wconf 82' lang='grc' dir='ltr'><strong><em>ταῦρον</em></strong></span> <span class='ocrx_word' id='word_1_129' title='bbox 1228 1758 1267 1838; x_wconf 79' lang='grc' dir='ltr'><strong><em>τῇ</em></strong></span> 
     </span>
     <span class='ocr_line' id='line_1_15' title="bbox 157 1855 1268 1948; baseline -0.002 -28"><span class='ocrx_word' id='word_1_130' title='bbox 157 1857 313 1948; x_wconf 75' lang='grc' dir='ltr'><strong><em>ἱερουργίᾳ</em></strong></span> <span class='ocrx_word' id='word_1_131' title='bbox 329 1859 514 1945; x_wconf 72' lang='grc' dir='ltr'><strong><em>προσφέρων</em></strong></span> <span class='ocrx_word' id='word_1_132' title='bbox 531 1863 582 1924; x_wconf 83' lang='grc' dir='ltr'><strong>καί</strong></span> <span class='ocrx_word' id='word_1_133' title='bbox 598 1861 672 1936; x_wconf 84' lang='grc' dir='ltr'><strong><em>τούς</em></strong></span> <span class='ocrx_word' id='word_1_134' title='bbox 688 1856 850 1946; x_wconf 77' lang='grc' dir='ltr'><strong><em>πατρῴους</em></strong></span> <span class='ocrx_word' id='word_1_135' title='bbox 866 1855 1097 1939; x_wconf 72' lang='grc' dir='ltr'><strong><em>ἐξιλασκόμενος</em></strong></span> <span class='ocrx_word' id='word_1_136' title='bbox 1119 1858 1268 1937; x_wconf 80' lang='grc' dir='ltr'><strong><em>δαίμονας</em></strong></span> 
     </span>
     <span class='ocr_line' id='line_1_16' title="bbox 112 1956 1270 2046; baseline -0.007 -18"><span class='ocrx_word' id='word_1_137' title='bbox 112 1962 236 2028; x_wconf 83' lang='grc' dir='ltr'><strong><em>15κατά</em></strong></span> <span class='ocrx_word' id='word_1_138' title='bbox 253 1961 387 2042; x_wconf 84' lang='grc' dir='ltr'><strong><em>τὴντῶν</em></strong></span> <span class='ocrx_word' id='word_1_139' title='bbox 404 1962 568 2046; x_wconf 81' lang='grc' dir='ltr'><strong><em>είρημίνιον</em></strong></span> <span class='ocrx_word' id='word_1_140' title='bbox 583 1969 733 2044; x_wconf 86' lang='grc' dir='ltr'><strong><em>ποταμῶν</em></strong></span> <span class='ocrx_word' id='word_1_141' title='bbox 750 1960 911 2046; x_wconf 92' lang='grc' dir='ltr'><strong><em>σύμμιξιν,</em></strong></span> <span class='ocrx_word' id='word_1_142' title='bbox 930 1956 1154 2046; x_wconf 71' lang='grc' dir='ltr'><strong><em>ἀετὸςάθρόιος</em></strong></span> <span class='ocrx_word' id='word_1_143' title='bbox 1164 1960 1270 2046; x_wconf 83' lang='grc' dir='ltr'><strong><em>φανείς</em></strong></span> 
     </span>
     <span class='ocr_line' id='line_1_17' title="bbox 157 2061 1270 2151; baseline -0.004 -23"><span class='ocrx_word' id='word_1_144' title='bbox 157 2065 214 2146; x_wconf 82' lang='grc' dir='ltr'><strong>τὴν</strong></span> <span class='ocrx_word' id='word_1_145' title='bbox 233 2065 362 2149; x_wconf 83' lang='grc' dir='ltr'><strong><em>καρδίαν</em></strong></span> <span class='ocrx_word' id='word_1_146' title='bbox 378 2061 553 2151; x_wconf 74' lang='grc' dir='ltr'><strong><em>ἀφαρπάζει</em></strong></span> <span class='ocrx_word' id='word_1_147' title='bbox 570 2073 625 2130; x_wconf 82' lang='grc' dir='ltr'><strong><em>τού</em></strong></span> <span class='ocrx_word' id='word_1_148' title='bbox 642 2064 804 2147; x_wconf 74' lang='grc' dir='ltr'><strong><em>θύματος,</em></strong></span> <span class='ocrx_word' id='word_1_149' title='bbox 830 2068 881 2131; x_wconf 77' lang='grc' dir='ltr'><strong>καὶ</strong></span> <span class='ocrx_word' id='word_1_150' title='bbox 906 2064 986 2129; x_wconf 87' lang='grc' dir='ltr'><strong>κατά</strong></span> <span class='ocrx_word' id='word_1_151' title='bbox 1011 2063 1067 2145; x_wconf 87' lang='grc' dir='ltr'><strong>τὴν</strong></span> <span class='ocrx_word' id='word_1_152' title='bbox 1090 2061 1189 2147; x_wconf 84' lang='grc' dir='ltr'><strong><em>ἀκραν</em></strong></span> <span class='ocrx_word' id='word_1_153' title='bbox 1214 2068 1270 2142; x_wconf 90' lang='grc' dir='ltr'><strong>τῆς</strong></span> 
     </span>
     <span class='ocr_line' id='line_1_18' title="bbox 157 2163 1270 2254; baseline -0.004 -23"><span class='ocrx_word' id='word_1_154' title='bbox 157 2169 338 2254; x_wconf 85' lang='grc' dir='ltr'><strong><em>Βοσπορίας</em></strong></span> <span class='ocrx_word' id='word_1_155' title='bbox 355 2165 449 2247; x_wconf 87' lang='grc' dir='ltr'><strong><em>ἀκτῆς</em></strong></span> <span class='ocrx_word' id='word_1_156' title='bbox 465 2167 605 2244; x_wconf 85' lang='grc' dir='ltr'><strong><em>ἀποπτάς</em></strong></span> <span class='ocrx_word' id='word_1_157' title='bbox 628 2166 700 2251; x_wconf 66' lang='grc' dir='ltr'><strong><em>ἵστη</em></strong></span> <span class='ocrx_word' id='word_1_158' title='bbox 724 2167 867 2253; x_wconf 83' lang='grc' dir='ltr'><strong><em>ἀντικρυς</em></strong></span> <span class='ocrx_word' id='word_1_159' title='bbox 891 2172 946 2250; x_wconf 85' lang='grc' dir='ltr'><strong>τῆς</strong></span> <span class='ocrx_word' id='word_1_160' title='bbox 962 2165 1207 2250; x_wconf 83' lang='grc' dir='ltr'><strong><em>Χρυσοπόλειος,</em></strong></span> <span class='ocrx_word' id='word_1_161' title='bbox 1232 2163 1270 2247; x_wconf 81' lang='grc' dir='ltr'><strong>ῆν</strong></span> 
     </span>
     <span class='ocr_line' id='line_1_19' title="bbox 157 2265 1269 2356; baseline -0.002 -22"><span class='ocrx_word' id='word_1_162' title='bbox 157 2267 289 2354; x_wconf 84' lang='grc' dir='ltr'><strong><em>Χρύσης</em></strong></span> <span class='ocrx_word' id='word_1_163' title='bbox 306 2265 322 2333; x_wconf 86' lang='grc' dir='ltr'><em>ὃ</em></span> <span class='ocrx_word' id='word_1_164' title='bbox 341 2278 413 2346; x_wconf 84' lang='grc' dir='ltr'><strong><em>παΐς</em></strong></span> <span class='ocrx_word' id='word_1_165' title='bbox 429 2272 463 2334; x_wconf 73' lang='grc' dir='ltr'><strong>ἐκ</strong></span> <span class='ocrx_word' id='word_1_166' title='bbox 479 2272 658 2356; x_wconf 81' lang='grc' dir='ltr'><strong><em>Χρυσηίδος</em></strong></span> <span class='ocrx_word' id='word_1_167' title='bbox 673 2270 803 2356; x_wconf 76' lang='grc' dir='ltr'><strong><em>γεγονὼς</em></strong></span> <span class='ocrx_word' id='word_1_168' title='bbox 821 2272 871 2334; x_wconf 79' lang='grc' dir='ltr'><strong>καί</strong></span> <span class='ocrx_word' id='word_1_169' title='bbox 883 2269 1121 2354; x_wconf 82' lang='grc' dir='ltr'><strong><em>Ἀγαμίμνονος,</em></strong></span> <span class='ocrx_word' id='word_1_170' title='bbox 1149 2266 1269 2355; x_wconf 85' lang='grc' dir='ltr'><strong><em>φεύγων</em></strong></span> 
     </span>
    </p>
   </div>
   <div class='ocr_carea' id='block_1_3' title="bbox 111 2371 1323 2878">
    <p class='ocr_par' dir='ltr' id='par_1_3' title="bbox 111 2371 1323 2878">
     <span class='ocr_line' id='line_1_20' title="bbox 155 2371 1323 2460; baseline 0.002 -22"><span class='ocrx_word' id='word_1_171' title='bbox 155 2380 212 2457; x_wconf 89' lang='grc' dir='ltr'><strong>τῆς</strong></span> <span class='ocrx_word' id='word_1_172' title='bbox 230 2371 507 2458; x_wconf 80' lang='grc' dir='ltr'><strong><em>Κλυταιμνήστρας</em></strong></span> <span class='ocrx_word' id='word_1_173' title='bbox 530 2374 694 2458; x_wconf 76' lang='grc' dir='ltr'><strong><em>ἐπιβουλὴν</em></strong></span> <span class='ocrx_word' id='word_1_174' title='bbox 719 2374 796 2457; x_wconf 79' lang='grc' dir='ltr'><strong><em>μετὰ</em></strong></span> <span class='ocrx_word' id='word_1_175' title='bbox 819 2371 874 2456; x_wconf 86' lang='grc' dir='ltr'><strong>τῆν</strong></span> <span class='ocrx_word' id='word_1_176' title='bbox 895 2377 952 2438; x_wconf 84' lang='grc' dir='ltr'><strong><em>τού</em></strong></span> <span class='ocrx_word' id='word_1_177' title='bbox 969 2373 1086 2459; x_wconf 81' lang='grc' dir='ltr'><strong><em>πατρὸς</em></strong></span> <span class='ocrx_word' id='word_1_178' title='bbox 1103 2373 1266 2460; x_wconf 86' lang='grc' dir='ltr'><strong><em>ἀναίρεσιν,</em></strong></span> <span class='ocrx_word' id='word_1_179' title='bbox 1284 2388 1323 2440; x_wconf 90' lang='lat' dir='ltr'><strong>D·</strong></span> 
     </span>
     <span class='ocr_line' id='line_1_21' title="bbox 111 2466 1271 2565; baseline -0.005 -19"><span class='ocrx_word' id='word_1_180' title='bbox 111 2481 209 2546; x_wconf 68' lang='grc' dir='ltr'><strong><em>ἳθκαὶ</em></strong></span> <span class='ocrx_word' id='word_1_181' title='bbox 232 2477 311 2559; x_wconf 83' lang='grc' dir='ltr'><strong><em>πρὸς</em></strong></span> <span class='ocrx_word' id='word_1_182' title='bbox 333 2475 389 2560; x_wconf 87' lang='grc' dir='ltr'><strong>τῆν</strong></span> <span class='ocrx_word' id='word_1_183' title='bbox 411 2483 466 2560; x_wconf 91' lang='grc' dir='ltr'><strong>τῆς</strong></span> <span class='ocrx_word' id='word_1_184' title='bbox 489 2479 663 2565; x_wconf 78' lang='grc' dir='ltr'><strong><em>Ἰφιγενείας</em></strong></span> <span class='ocrx_word' id='word_1_185' title='bbox 690 2477 814 2562; x_wconf 87' lang='grc' dir='ltr'><strong><em>ζῆτησιν</em></strong></span> <span class='ocrx_word' id='word_1_186' title='bbox 840 2466 1031 2561; x_wconf 77' lang='grc' dir='ltr'><strong><em>ἐπειγόμενος</em></strong></span> <span class='ocrx_word' id='word_1_187' title='bbox 1039 2525 1049 2554; x_wconf 91' lang='grc'><strong><em>,</em></strong></span> <span class='ocrx_word' id='word_1_188' title='bbox 1083 2483 1190 2560; x_wconf 88' lang='grc' dir='ltr'><strong><em>μνῆμα</em></strong></span> <span class='ocrx_word' id='word_1_189' title='bbox 1215 2481 1271 2555; x_wconf 89' lang='grc' dir='ltr'><strong>τῆς</strong></span> 
     </span>
     <span class='ocr_line' id='line_1_22' title="bbox 156 2577 1270 2670; baseline -0.003 -24"><span class='ocrx_word' id='word_1_190' title='bbox 156 2579 268 2648; x_wconf 72' lang='grc' dir='ltr'><strong><em>ἑαυτοῦ</em></strong></span> <span class='ocrx_word' id='word_1_191' title='bbox 283 2588 402 2668; x_wconf 83' lang='grc' dir='ltr'><strong><em>ταφῆς,</em></strong></span> <span class='ocrx_word' id='word_1_192' title='bbox 427 2590 491 2658; x_wconf 84' lang='grc' dir='ltr'><strong>τοῖς</strong></span> <span class='ocrx_word' id='word_1_193' title='bbox 507 2584 662 2670; x_wconf 73' lang='grc' dir='ltr'><strong><em>ἐγχωρίοις</em></strong></span> <span class='ocrx_word' id='word_1_194' title='bbox 678 2583 714 2648; x_wconf 83' lang='grc' dir='ltr'><strong><em>τό</em></strong></span> <span class='ocrx_word' id='word_1_195' title='bbox 732 2581 829 2665; x_wconf 90' lang='grc' dir='ltr'><strong><em>όνομα</em></strong></span> <span class='ocrx_word' id='word_1_196' title='bbox 846 2587 936 2647; x_wconf 80' lang='grc' dir='ltr'><strong><em>τοῦτο</em></strong></span> <span class='ocrx_word' id='word_1_197' title='bbox 954 2582 1112 2660; x_wconf 70' lang='grc' dir='ltr'><strong><em>κατέλιπε,</em></strong></span> <span class='ocrx_word' id='word_1_198' title='bbox 1139 2577 1270 2668; x_wconf 76' lang='grc' dir='ltr'><strong><em>φθασά-</em></strong></span> 
     </span>
     <span class='ocr_line' id='line_1_23' title="bbox 157 2675 1270 2774; baseline -0.004 -22"><span class='ocrx_word' id='word_1_199' title='bbox 157 2712 213 2769; x_wconf 88' lang='grc' dir='ltr'><strong>σης</strong></span> <span class='ocrx_word' id='word_1_200' title='bbox 238 2683 331 2750; x_wconf 73' lang='grc' dir='ltr'><strong><em>αὐτόν</em></strong></span> <span class='ocrx_word' id='word_1_201' title='bbox 357 2687 421 2750; x_wconf 74' lang='lat' dir='ltr'><strong>ixei</strong></span> <span class='ocrx_word' id='word_1_202' title='bbox 442 2691 498 2769; x_wconf 86' lang='grc' dir='ltr'><strong>τῆς</strong></span> <span class='ocrx_word' id='word_1_203' title='bbox 525 2692 582 2752; x_wconf 82' lang='grc' dir='ltr'><strong><em>τού</em></strong></span> <span class='ocrx_word' id='word_1_204' title='bbox 605 2689 677 2768; x_wconf 87' lang='grc' dir='ltr'><strong><em>βίον</em></strong></span> <span class='ocrx_word' id='word_1_205' title='bbox 706 2692 933 2774; x_wconf 76' lang='grc' dir='ltr'><strong><em>καταστροφῆς.</em></strong></span> <span class='ocrx_word' id='word_1_206' title='bbox 986 2681 1077 2768; x_wconf 81' lang='grc' dir='ltr'><strong><em>ὃμίν</em></strong></span> <span class='ocrx_word' id='word_1_207' title='bbox 1094 2675 1148 2750; x_wconf 81' lang='grc' dir='ltr'><strong>ούν</strong></span> <span class='ocrx_word' id='word_1_208' title='bbox 1166 2682 1270 2763; x_wconf 85' lang='grc' dir='ltr'><strong><em>Βύζας</em></strong></span> 
     </span>
     <span class='ocr_line' id='line_1_24' title="bbox 157 2785 1270 2878; baseline -0.004 -24"><span class='ocrx_word' id='word_1_209' title='bbox 157 2789 236 2855; x_wconf 88' lang='grc' dir='ltr'><strong>κατά</strong></span> <span class='ocrx_word' id='word_1_210' title='bbox 252 2789 308 2872; x_wconf 84' lang='grc' dir='ltr'><strong>τῆν</strong></span> <span class='ocrx_word' id='word_1_211' title='bbox 325 2785 424 2875; x_wconf 86' lang='grc' dir='ltr'><strong><em>ἀκρον</em></strong></span> <span class='ocrx_word' id='word_1_212' title='bbox 440 2795 496 2874; x_wconf 89' lang='grc' dir='ltr'><strong>τῆς</strong></span> <span class='ocrx_word' id='word_1_213' title='bbox 512 2792 689 2878; x_wconf 89' lang='grc' dir='ltr'><strong><em>Βοσπορίας</em></strong></span> <span class='ocrx_word' id='word_1_214' title='bbox 706 2789 780 2867; x_wconf 83' lang='grc' dir='ltr'><strong><em>ἁλός</em></strong></span> <span class='ocrx_word' id='word_1_215' title='bbox 804 2792 949 2874; x_wconf 77' lang='grc' dir='ltr'><strong><em>ιλιίγραψε</em></strong></span> <span class='ocrx_word' id='word_1_216' title='bbox 975 2787 1080 2854; x_wconf 87' lang='grc' dir='ltr'><strong><em>πόλιν·</em></strong></span> <span class='ocrx_word' id='word_1_217' title='bbox 1108 2791 1270 2854; x_wconf 74' lang='grc' dir='ltr'><strong><em>Ποσειδῶ-</em></strong></span> 
     </span>
    </p>
   </div>
   <div class='ocr_carea' id='block_1_4' title="bbox 226 2942 1270 3146">
    <p class='ocr_par' dir='ltr' id='par_1_4' title="bbox 226 2942 1270 3146">
     <span class='ocr_line' id='line_1_25' title="bbox 227 2942 1270 3021; baseline -0.005 -16"><span class='ocrx_word' id='word_1_218' title='bbox 227 2952 244 3006; x_wconf 82' lang='grc'><strong>7</strong></span> <span class='ocrx_word' id='word_1_219' title='bbox 260 2945 313 3018; x_wconf 86' lang='grc' dir='ltr'><strong>τῆν</strong></span> <span class='ocrx_word' id='word_1_220' title='bbox 328 2944 421 3020; x_wconf 79' lang='grc' dir='ltr'><strong><em>ἀκμὴν</em></strong></span> <span class='ocrx_word' id='word_1_221' title='bbox 436 2949 503 3004; x_wconf 86' lang='lat' dir='ltr'><strong>Hes.</strong></span> <span class='ocrx_word' id='word_1_222' title='bbox 608 2952 626 3007; x_wconf 89' lang='grc'>8</span> <span class='ocrx_word' id='word_1_223' title='bbox 642 2946 793 3021; x_wconf 79' lang='grc' dir='ltr'><strong><em>προέβαινε</em></strong></span> <span class='ocrx_word' id='word_1_224' title='bbox 811 2952 878 3008; x_wconf 87' lang='lat' dir='ltr'><strong>Hes.</strong></span> <span class='ocrx_word' id='word_1_225' title='bbox 971 2951 1005 3004; x_wconf 89' lang='grc'><strong>10</strong></span> <span class='ocrx_word' id='word_1_226' title='bbox 1024 2942 1102 3000; x_wconf 73' lang='lat' dir='ltr'><strong>cimai?</strong></span> <span class='ocrx_word' id='word_1_227' title='bbox 1121 2966 1153 3000; x_wconf 87' lang='lat' dir='ltr'><strong>an</strong></span> <span class='ocrx_word' id='word_1_228' title='bbox 1170 2942 1270 3010; x_wconf 73' lang='grc' dir='ltr'><strong><em>παρόλ</em></strong></span> 
     </span>
     <span class='ocr_line' id='line_1_26' title="bbox 226 3015 1267 3146; baseline -0.002 -74"><span class='ocrx_word' id='word_1_229' title='bbox 226 3025 262 3146; x_wconf 50' lang='lat' dir='ltr'><strong>ig</strong></span> <span class='ocrx_word' id='word_1_230' title='bbox 277 3016 569 3144; x_wconf 49' lang='grc' dir='ltr'><strong><em>ηρηορρηοργοτεφνλλεε.</em></strong></span> <span class='ocrx_word' id='word_1_231' title='bbox 640 3021 674 3077; x_wconf 85' lang='grc'><strong>13</strong></span> <span class='ocrx_word' id='word_1_232' title='bbox 690 3015 834 3090; x_wconf 64' lang='lat' dir='ltr'><strong>arreptura</strong></span> <span class='ocrx_word' id='word_1_233' title='bbox 852 3019 922 3093; x_wconf 90' lang='lat' dir='ltr'><strong>apud</strong></span> <span class='ocrx_word' id='word_1_234' title='bbox 939 3019 975 3074; x_wconf 83' lang='lat' dir='ltr'><strong>L:</strong></span> <span class='ocrx_word' id='word_1_235' title='bbox 993 3026 1140 3072; x_wconf 86' lang='lat' dir='ltr'><strong>correctum</strong></span> <span class='ocrx_word' id='word_1_236' title='bbox 1158 3019 1267 3070; x_wconf 80' lang='lat' dir='ltr'><strong>exHes.</strong></span> 
     </span>
    </p>
   </div>
   <div class='ocr_carea' id='block_1_5' title="bbox 156 3225 1273 4414">
    <p class='ocr_par' dir='ltr' id='par_1_5' title="bbox 156 3225 1273 4414">
     <span class='ocr_line' id='line_1_27' title="bbox 158 3225 1270 3300; baseline -0.004 -18"><span class='ocrx_word' id='word_1_237' title='bbox 158 3227 203 3282; x_wconf 85' lang='lat' dir='ltr'><strong>alii</strong></span> <span class='ocrx_word' id='word_1_238' title='bbox 220 3227 331 3282; x_wconf 87' lang='lat' dir='ltr'><strong>nominis</strong></span> <span class='ocrx_word' id='word_1_239' title='bbox 349 3245 454 3282; x_wconf 87' lang='lat' dir='ltr'><strong>causam</strong></span> <span class='ocrx_word' id='word_1_240' title='bbox 470 3225 505 3282; x_wconf 88' lang='lat' dir='ltr'><strong>ad</strong></span> <span class='ocrx_word' id='word_1_241' title='bbox 523 3229 602 3284; x_wconf 86' lang='lat' dir='ltr'><strong>situm</strong></span> <span class='ocrx_word' id='word_1_242' title='bbox 619 3229 672 3284; x_wconf 86' lang='lat' dir='ltr'><strong>loci</strong></span> <span class='ocrx_word' id='word_1_243' title='bbox 687 3231 775 3300; x_wconf 88' lang='lat' dir='ltr'><strong>potius</strong></span> <span class='ocrx_word' id='word_1_244' title='bbox 792 3229 925 3282; x_wconf 86' lang='lat' dir='ltr'><strong>referunt:</strong></span> <span class='ocrx_word' id='word_1_245' title='bbox 957 3227 1004 3282; x_wconf 86' lang='lat' dir='ltr'><strong>alii</strong></span> <span class='ocrx_word' id='word_1_246' title='bbox 1022 3227 1055 3280; x_wconf 93' lang='lat' dir='ltr'><strong>ob</strong></span> <span class='ocrx_word' id='word_1_247' title='bbox 1073 3225 1204 3280; x_wconf 83' lang='lat' dir='ltr'><strong>fructuum</strong></span> <span class='ocrx_word' id='word_1_248' title='bbox 1222 3225 1270 3278; x_wconf 86' lang='lat' dir='ltr'><strong>ab·</strong></span> 
     </span>
     <span class='ocr_line' id='line_1_28' title="bbox 157 3298 1272 3372; baseline -0.004 -22"><span class='ocrx_word' id='word_1_249' title='bbox 157 3299 310 3350; x_wconf 83' lang='lat' dir='ltr'><strong>undantiam</strong></span> <span class='ocrx_word' id='word_1_250' title='bbox 326 3299 479 3352; x_wconf 79' lang='lat' dir='ltr'><strong>Amaltheae</strong></span> <span class='ocrx_word' id='word_1_251' title='bbox 496 3317 594 3372; x_wconf 88' lang='lat' dir='ltr'><strong>caprae</strong></span> <span class='ocrx_word' id='word_1_252' title='bbox 618 3318 698 3354; x_wconf 84' lang='lat' dir='ltr'><strong>cornu</strong></span> <span class='ocrx_word' id='word_1_253' title='bbox 721 3302 865 3371; x_wconf 87' lang='lat' dir='ltr'><strong>appellant.</strong></span> <span class='ocrx_word' id='word_1_254' title='bbox 902 3305 932 3351; x_wconf 88' lang='lat' dir='ltr'><strong>at</strong></span> <span class='ocrx_word' id='word_1_255' title='bbox 950 3300 1082 3352; x_wconf 85' lang='lat' dir='ltr'><strong>Ceroessa</strong></span> <span class='ocrx_word' id='word_1_256' title='bbox 1107 3298 1212 3362; x_wconf 83' lang='lat' dir='ltr'><strong>adulta,</strong></span> <span class='ocrx_word' id='word_1_257' title='bbox 1243 3302 1272 3347; x_wconf 88' lang='lat' dir='ltr'><strong>et</strong></span> 
     </span>
     <span class='ocr_line' id='line_1_29' title="bbox 157 3367 1272 3437; baseline -0.002 -19"><span class='ocrx_word' id='word_1_258' title='bbox 157 3368 307 3420; x_wconf 85' lang='lat' dir='ltr'><strong>incredibili</strong></span> <span class='ocrx_word' id='word_1_259' title='bbox 327 3369 520 3437; x_wconf 86' lang='lat' dir='ltr'><strong>pulchritudine</strong></span> <span class='ocrx_word' id='word_1_260' title='bbox 545 3373 665 3422; x_wconf 86' lang='lat' dir='ltr'><strong>caeteras</strong></span> <span class='ocrx_word' id='word_1_261' title='bbox 689 3388 777 3424; x_wconf 88' lang='lat' dir='ltr'><strong>omnes</strong></span> <span class='ocrx_word' id='word_1_262' title='bbox 795 3368 931 3423; x_wconf 86' lang='lat' dir='ltr'><strong>Thraciae</strong></span> <span class='ocrx_word' id='word_1_263' title='bbox 953 3367 1072 3436; x_wconf 79' lang='lat' dir='ltr'><strong>virgines</strong></span> <span class='ocrx_word' id='word_1_264' title='bbox 1095 3367 1173 3435; x_wconf 84' lang='lat' dir='ltr'><strong>longe</strong></span> <span class='ocrx_word' id='word_1_265' title='bbox 1196 3369 1272 3417; x_wconf 90' lang='lat' dir='ltr'><strong>ante-</strong></span> 
     </span>
     <span class='ocr_line' id='line_1_30' title="bbox 159 3437 1272 3509; baseline -0.002 -22"><span class='ocrx_word' id='word_1_266' title='bbox 159 3437 271 3503; x_wconf 89' lang='lat' dir='ltr'><strong>cellens,</strong></span> <span class='ocrx_word' id='word_1_267' title='bbox 305 3455 338 3490; x_wconf 88' lang='lat' dir='ltr'><strong>ex</strong></span> <span class='ocrx_word' id='word_1_268' title='bbox 369 3455 513 3508; x_wconf 82' lang='lat' dir='ltr'><strong>congressu</strong></span> <span class='ocrx_word' id='word_1_269' title='bbox 537 3440 659 3509; x_wconf 84' lang='lat' dir='ltr'><strong>Neptuni</strong></span> <span class='ocrx_word' id='word_1_270' title='bbox 684 3441 829 3508; x_wconf 78' lang='lat' dir='ltr'><strong>Byzantem</strong></span> <span class='ocrx_word' id='word_1_271' title='bbox 857 3437 978 3508; x_wconf 81' lang='lat' dir='ltr'><strong>peperit,</strong></span> <span class='ocrx_word' id='word_1_272' title='bbox 1007 3437 1047 3489; x_wconf 88' lang='lat' dir='ltr'><strong>ita</strong></span> <span class='ocrx_word' id='word_1_273' title='bbox 1069 3437 1228 3488; x_wconf 85' lang='lat' dir='ltr'><strong>nominatum</strong></span> <span class='ocrx_word' id='word_1_274' title='bbox 1255 3451 1272 3485; x_wconf 85' lang='lat' dir='ltr'><strong>a</strong></span> 
     </span>
     <span class='ocr_line' id='line_1_31' title="bbox 159 3505 1271 3577; baseline -0.002 -20"><span class='ocrx_word' id='word_1_275' title='bbox 159 3507 274 3575; x_wconf 85' lang='lat' dir='ltr'><strong>nympha</strong></span> <span class='ocrx_word' id='word_1_276' title='bbox 291 3507 382 3576; x_wconf 65' lang='lat' dir='ltr'><strong>ayne,</strong></span> <span class='ocrx_word' id='word_1_277' title='bbox 411 3525 480 3577; x_wconf 86' lang='lat' dir='ltr'><strong>quae</strong></span> <span class='ocrx_word' id='word_1_278' title='bbox 497 3509 612 3562; x_wconf 91' lang='lat' dir='ltr'><strong>illumin</strong></span> <span class='ocrx_word' id='word_1_279' title='bbox 629 3509 746 3562; x_wconf 88' lang='lat' dir='ltr'><strong>Thracia</strong></span> <span class='ocrx_word' id='word_1_280' title='bbox 763 3508 945 3572; x_wconf 81' lang='lat' dir='ltr'><strong>enutriverat3</strong></span> <span class='ocrx_word' id='word_1_281' title='bbox 977 3507 1050 3559; x_wconf 89' lang='lat' dir='ltr'><strong>cuius</strong></span> <span class='ocrx_word' id='word_1_282' title='bbox 1070 3523 1153 3575; x_wconf 86' lang='lat' dir='ltr'><strong>aquas</strong></span> <span class='ocrx_word' id='word_1_283' title='bbox 1171 3507 1203 3556; x_wconf 89' lang='lat' dir='ltr'><strong>ad</strong></span> <span class='ocrx_word' id='word_1_284' title='bbox 1222 3505 1271 3556; x_wconf 84' lang='lat' dir='ltr'><strong>hoe</strong></span> 
     </span>
     <span class='ocr_line' id='line_1_32' title="bbox 158 3575 1271 3647; baseline -0.003 -20"><span class='ocrx_word' id='word_1_285' title='bbox 158 3593 241 3644; x_wconf 84' lang='lat' dir='ltr'><strong>usque</strong></span> <span class='ocrx_word' id='word_1_286' title='bbox 258 3587 361 3646; x_wconf 85' lang='lat' dir='ltr'><strong>tempus</strong></span> <span class='ocrx_word' id='word_1_287' title='bbox 377 3577 450 3630; x_wconf 86' lang='lat' dir='ltr'><strong>cives</strong></span> <span class='ocrx_word' id='word_1_288' title='bbox 468 3579 600 3632; x_wconf 90' lang='lat' dir='ltr'><strong>hauriunt.</strong></span> <span class='ocrx_word' id='word_1_289' title='bbox 635 3579 680 3630; x_wconf 88' lang='lat' dir='ltr'><strong>hio</strong></span> <span class='ocrx_word' id='word_1_290' title='bbox 697 3580 781 3647; x_wconf 84' lang='lat' dir='ltr'><strong>igitur</strong></span> <span class='ocrx_word' id='word_1_291' title='bbox 802 3577 910 3632; x_wconf 86' lang='lat' dir='ltr'><strong>iuvenis</strong></span> <span class='ocrx_word' id='word_1_292' title='bbox 933 3575 978 3630; x_wconf 89' lang='lat' dir='ltr'><strong>ubi</strong></span> <span class='ocrx_word' id='word_1_293' title='bbox 1003 3576 1037 3628; x_wconf 88' lang='lat' dir='ltr'><strong>ad</strong></span> <span class='ocrx_word' id='word_1_294' title='bbox 1059 3575 1157 3628; x_wconf 87' lang='lat' dir='ltr'><strong>aetatis</strong></span> <span class='ocrx_word' id='word_1_295' title='bbox 1179 3577 1271 3628; x_wconf 89' lang='lat' dir='ltr'><strong>florem</strong></span> 
     </span>
     <span class='ocr_line' id='line_1_33' title="bbox 157 3644 1273 3715; baseline -0.003 -19"><span class='ocrx_word' id='word_1_296' title='bbox 157 3645 296 3715; x_wconf 85' lang='lat' dir='ltr'><strong>pervenit,</strong></span> <span class='ocrx_word' id='word_1_297' title='bbox 326 3663 384 3698; x_wconf 90' lang='lat' dir='ltr'><strong>oum</strong></span> <span class='ocrx_word' id='word_1_298' title='bbox 407 3655 554 3701; x_wconf 87' lang='lat' dir='ltr'><strong>moraretur</strong></span> <span class='ocrx_word' id='word_1_299' title='bbox 578 3649 605 3700; x_wconf 94' lang='lat' dir='ltr'><strong>in</strong></span> <span class='ocrx_word' id='word_1_300' title='bbox 622 3648 753 3701; x_wconf 82' lang='lat' dir='ltr'><strong>Thraciae</strong></span> <span class='ocrx_word' id='word_1_301' title='bbox 775 3649 906 3702; x_wconf 86' lang='lat' dir='ltr'><strong>montibus</strong></span> <span class='ocrx_word' id='word_1_302' title='bbox 929 3647 997 3699; x_wconf 84' lang='lat' dir='ltr'><strong>seris</strong></span> <span class='ocrx_word' id='word_1_303' title='bbox 1013 3651 1041 3696; x_wconf 89' lang='lat' dir='ltr'><strong>et</strong></span> <span class='ocrx_word' id='word_1_304' title='bbox 1056 3645 1178 3697; x_wconf 90' lang='lat' dir='ltr'><strong>barbaris</strong></span> <span class='ocrx_word' id='word_1_305' title='bbox 1196 3644 1273 3694; x_wconf 86' lang='lat' dir='ltr'><strong>iuxta</strong></span> 
     </span>
     <span class='ocr_line' id='line_1_34' title="bbox 158 3712 1272 3786; baseline -0.004 -20"><span class='ocrx_word' id='word_1_306' title='bbox 158 3713 328 3784; x_wconf 87' lang='lat' dir='ltr'><strong>metuendus,</strong></span> <span class='ocrx_word' id='word_1_307' title='bbox 357 3733 407 3786; x_wconf 88' lang='lat' dir='ltr'><strong>per</strong></span> <span class='ocrx_word' id='word_1_308' title='bbox 432 3718 534 3786; x_wconf 83' lang='lat' dir='ltr'><strong>lagatos</strong></span> <span class='ocrx_word' id='word_1_309' title='bbox 560 3735 576 3770; x_wconf 90' lang='lat' dir='ltr'><strong>a</strong></span> <span class='ocrx_word' id='word_1_310' title='bbox 600 3717 650 3770; x_wconf 87' lang='lat' dir='ltr'><strong>loci</strong></span> <span class='ocrx_word' id='word_1_311' title='bbox 667 3718 777 3770; x_wconf 91' lang='lat' dir='ltr'><strong>dominis</strong></span> <span class='ocrx_word' id='word_1_312' title='bbox 795 3719 829 3770; x_wconf 91' lang='lat' dir='ltr'><strong>ad</strong></span> <span class='ocrx_word' id='word_1_313' title='bbox 845 3716 987 3770; x_wconf 82' lang='lat' dir='ltr'><strong>amicitiam</strong></span> <span class='ocrx_word' id='word_1_314' title='bbox 1005 3715 1212 3782; x_wconf 79' lang='lat' dir='ltr'><strong>societatemque</strong></span> <span class='ocrx_word' id='word_1_315' title='bbox 1230 3712 1272 3762; x_wconf 90' lang='lat' dir='ltr'><strong>in-</strong></span> 
     </span>
     <span class='ocr_line' id='line_1_35' title="bbox 158 3781 1273 3857; baseline -0.004 -22"><span class='ocrx_word' id='word_1_316' title='bbox 158 3785 260 3837; x_wconf 83' lang='lat' dir='ltr'><strong>vitatus</strong></span> <span class='ocrx_word' id='word_1_317' title='bbox 287 3794 339 3840; x_wconf 85' lang='lat' dir='ltr'><strong>est.</strong></span> <span class='ocrx_word' id='word_1_318' title='bbox 374 3803 483 3857; x_wconf 89' lang='lat' dir='ltr'><strong>cumque</strong></span> <span class='ocrx_word' id='word_1_319' title='bbox 510 3803 568 3840; x_wconf 90' lang='lat' dir='ltr'><strong>eum</strong></span> <span class='ocrx_word' id='word_1_320' title='bbox 585 3787 681 3840; x_wconf 84' lang='lat' dir='ltr'><strong>Meliss</strong></span> <span class='ocrx_word' id='word_1_321' title='bbox 697 3788 830 3840; x_wconf 87' lang='lat' dir='ltr'><strong>Thraciae</strong></span> <span class='ocrx_word' id='word_1_322' title='bbox 846 3785 895 3840; x_wconf 82' lang='lat' dir='ltr'><strong>reri</strong></span> <span class='ocrx_word' id='word_1_323' title='bbox 912 3786 945 3838; x_wconf 90' lang='lat' dir='ltr'><strong>ad</strong></span> <span class='ocrx_word' id='word_1_324' title='bbox 962 3785 1037 3837; x_wconf 82' lang='lat' dir='ltr'><strong>ferae</strong></span> <span class='ocrx_word' id='word_1_325' title='bbox 1051 3790 1182 3837; x_wconf 87' lang='lat' dir='ltr'><strong>certamen</strong></span> <span class='ocrx_word' id='word_1_326' title='bbox 1201 3781 1273 3833; x_wconf 82' lang='lat' dir='ltr'><strong>able·</strong></span> 
     </span>
     <span class='ocr_line' id='line_1_36' title="bbox 158 3849 1271 3926; baseline -0.004 -22"><span class='ocrx_word' id='word_1_327' title='bbox 158 3859 251 3922; x_wconf 84' lang='lat' dir='ltr'><strong>garet,</strong></span> <span class='ocrx_word' id='word_1_328' title='bbox 281 3860 311 3906; x_wconf 88' lang='lat' dir='ltr'><strong>et</strong></span> <span class='ocrx_word' id='word_1_329' title='bbox 335 3855 422 3908; x_wconf 75' lang='lat' dir='ltr'><strong>uictor</strong></span> <span class='ocrx_word' id='word_1_330' title='bbox 446 3856 507 3908; x_wconf 91' lang='lat' dir='ltr'><strong>inde</strong></span> <span class='ocrx_word' id='word_1_331' title='bbox 525 3873 581 3908; x_wconf 88' lang='lat' dir='ltr'><strong>oum</strong></span> <span class='ocrx_word' id='word_1_332' title='bbox 599 3857 686 3926; x_wconf 83' lang='lat' dir='ltr'><strong>gloria</strong></span> <span class='ocrx_word' id='word_1_333' title='bbox 701 3873 826 3910; x_wconf 84' lang='lat' dir='ltr'><strong>reversus</strong></span> <span class='ocrx_word' id='word_1_334' title='bbox 842 3857 932 3925; x_wconf 86' lang='lat' dir='ltr'><strong>Byzas</strong></span> <span class='ocrx_word' id='word_1_335' title='bbox 950 3855 1083 3908; x_wconf 81' lang='lat' dir='ltr'><strong>devictum</strong></span> <span class='ocrx_word' id='word_1_336' title='bbox 1099 3861 1201 3906; x_wconf 87' lang='lat' dir='ltr'><strong>taurum</strong></span> <span class='ocrx_word' id='word_1_337' title='bbox 1219 3849 1271 3900; x_wconf 88' lang='lat' dir='ltr'><strong>diis</strong></span> 
     </span>
     <span class='ocr_line' id='line_1_37' title="bbox 156 3919 1272 3996; baseline -0.004 -22"><span class='ocrx_word' id='word_1_338' title='bbox 156 3923 254 3992; x_wconf 86' lang='lat' dir='ltr'><strong>patriis</strong></span> <span class='ocrx_word' id='word_1_339' title='bbox 272 3925 383 3978; x_wconf 85' lang='lat' dir='ltr'><strong>offerret</strong></span> <span class='ocrx_word' id='word_1_340' title='bbox 400 3925 433 3978; x_wconf 88' lang='lat' dir='ltr'><strong>ad</strong></span> <span class='ocrx_word' id='word_1_341' title='bbox 451 3925 584 3978; x_wconf 91' lang='lat' dir='ltr'><strong>fluminum</strong></span> <span class='ocrx_word' id='word_1_342' title='bbox 599 3927 703 3980; x_wconf 89' lang='lat' dir='ltr'><strong>illorum</strong></span> <span class='ocrx_word' id='word_1_343' title='bbox 720 3943 789 3996; x_wconf 87' lang='lat' dir='ltr'><strong>quae</strong></span> <span class='ocrx_word' id='word_1_344' title='bbox 806 3927 861 3980; x_wconf 86' lang='lat' dir='ltr'><strong>dixi</strong></span> <span class='ocrx_word' id='word_1_345' title='bbox 878 3941 1050 3991; x_wconf 85' lang='lat' dir='ltr'><strong>concursum,</strong></span> <span class='ocrx_word' id='word_1_346' title='bbox 1075 3937 1206 3993; x_wconf 85' lang='lat' dir='ltr'><strong>apparens</strong></span> <span class='ocrx_word' id='word_1_347' title='bbox 1225 3919 1272 3970; x_wconf 91' lang='lat' dir='ltr'><strong>de-</strong></span> 
     </span>
     <span class='ocr_line' id='line_1_38' title="bbox 157 3988 1271 4066; baseline -0.006 -21"><span class='ocrx_word' id='word_1_348' title='bbox 157 3997 270 4062; x_wconf 88' lang='lat' dir='ltr'><strong>repente</strong></span> <span class='ocrx_word' id='word_1_349' title='bbox 300 3995 389 4063; x_wconf 80' lang='lat' dir='ltr'><strong>aquila</strong></span> <span class='ocrx_word' id='word_1_350' title='bbox 412 3995 535 4049; x_wconf 81' lang='lat' dir='ltr'><strong>victimae</strong></span> <span class='ocrx_word' id='word_1_351' title='bbox 560 4012 607 4048; x_wconf 86' lang='lat' dir='ltr'><strong>eor</strong></span> <span class='ocrx_word' id='word_1_352' title='bbox 630 3997 747 4066; x_wconf 89' lang='lat' dir='ltr'><strong>abripuit</strong></span> <span class='ocrx_word' id='word_1_353' title='bbox 774 4001 804 4049; x_wconf 91' lang='lat' dir='ltr'><strong>at</strong></span> <span class='ocrx_word' id='word_1_354' title='bbox 830 3997 863 4049; x_wconf 83' lang='lat' dir='ltr'><strong>ad</strong></span> <span class='ocrx_word' id='word_1_355' title='bbox 889 4002 1032 4048; x_wconf 86' lang='lat' dir='ltr'><strong>extremum</strong></span> <span class='ocrx_word' id='word_1_356' title='bbox 1059 3991 1173 4061; x_wconf 86' lang='lat' dir='ltr'><strong>Bospori</strong></span> <span class='ocrx_word' id='word_1_357' title='bbox 1194 3988 1271 4040; x_wconf 80' lang='lat' dir='ltr'><strong>littus</strong></span> 
     </span>
     <span class='ocr_line' id='line_1_39' title="bbox 158 4058 1273 4137; baseline -0.006 -23"><span class='ocrx_word' id='word_1_358' title='bbox 158 4065 267 4116; x_wconf 77' lang='lat' dir='ltr'><strong>avolans</strong></span> <span class='ocrx_word' id='word_1_359' title='bbox 290 4064 413 4117; x_wconf 89' lang='lat' dir='ltr'><strong>substitit</strong></span> <span class='ocrx_word' id='word_1_360' title='bbox 431 4083 446 4117; x_wconf 92' lang='lat' dir='ltr'><strong>e</strong></span> <span class='ocrx_word' id='word_1_361' title='bbox 469 4065 579 4134; x_wconf 84' lang='lat' dir='ltr'><strong>regione</strong></span> <span class='ocrx_word' id='word_1_362' title='bbox 597 4066 810 4137; x_wconf 75' lang='lat' dir='ltr'><strong>chrysopoleos,</strong></span> <span class='ocrx_word' id='word_1_363' title='bbox 838 4082 916 4136; x_wconf 86' lang='lat' dir='ltr'><strong>quam</strong></span> <span class='ocrx_word' id='word_1_364' title='bbox 935 4066 1053 4132; x_wconf 81' lang='lat' dir='ltr'><strong>Chryses</strong></span> <span class='ocrx_word' id='word_1_365' title='bbox 1070 4058 1273 4129; x_wconf 82' lang='lat' dir='ltr'><strong>Agamemnonis</strong></span> 
     </span>
     <span class='ocr_line' id='line_1_40' title="bbox 158 4127 1272 4208; baseline -0.007 -26"><span class='ocrx_word' id='word_1_366' title='bbox 158 4149 174 4182; x_wconf 88' lang='lat' dir='ltr'><strong>e</strong></span> <span class='ocrx_word' id='word_1_367' title='bbox 191 4133 339 4201; x_wconf 80' lang='lat' dir='ltr'><strong>Chryseida</strong></span> <span class='ocrx_word' id='word_1_368' title='bbox 357 4133 444 4201; x_wconf 86' lang='lat' dir='ltr'><strong>lilius,</strong></span> <span class='ocrx_word' id='word_1_369' title='bbox 467 4143 529 4205; x_wconf 84' lang='lat' dir='ltr'><strong>post</strong></span> <span class='ocrx_word' id='word_1_370' title='bbox 547 4145 635 4190; x_wconf 79' lang='lat' dir='ltr'><strong>n&#39;eoem</strong></span> <span class='ocrx_word' id='word_1_371' title='bbox 652 4137 739 4206; x_wconf 87' lang='lat' dir='ltr'><strong>patris</strong></span> <span class='ocrx_word' id='word_1_372' title='bbox 759 4137 974 4204; x_wconf 76' lang='lat' dir='ltr'><strong>Clytemestrae</strong></span> <span class='ocrx_word' id='word_1_373' title='bbox 991 4132 1100 4184; x_wconf 87' lang='lat' dir='ltr'><strong>insidias</strong></span> <span class='ocrx_word' id='word_1_374' title='bbox 1118 4127 1224 4193; x_wconf 79' lang='lat' dir='ltr'><strong>fugiens</strong></span> <span class='ocrx_word' id='word_1_375' title='bbox 1243 4130 1272 4208; x_wconf 73' lang='lat' dir='ltr'><strong>et</strong></span> 
     </span>
     <span class='ocr_line' id='line_1_41' title="bbox 157 4194 1272 4278; baseline -0.009 -26"><span class='ocrx_word' id='word_1_376' title='bbox 157 4200 311 4270; x_wconf 81' lang='lat' dir='ltr'><strong>Iphigeniae</strong></span> <span class='ocrx_word' id='word_1_377' title='bbox 324 4205 490 4272; x_wconf 87' lang='lat' dir='ltr'><strong>quaerendae</strong></span> <span class='ocrx_word' id='word_1_378' title='bbox 507 4203 640 4271; x_wconf 88' lang='lat' dir='ltr'><strong>intentus,</strong></span> <span class='ocrx_word' id='word_1_379' title='bbox 659 4208 773 4278; x_wconf 82' lang='lat' dir='ltr'><strong>sepulcri</strong></span> <span class='ocrx_word' id='word_1_380' title='bbox 790 4205 831 4257; x_wconf 84' lang='lat' dir='ltr'><strong>sui</strong></span> <span class='ocrx_word' id='word_1_381' title='bbox 848 4208 1040 4256; x_wconf 87' lang='lat' dir='ltr'><strong>monumentum</strong></span> <span class='ocrx_word' id='word_1_382' title='bbox 1055 4195 1189 4262; x_wconf 83' lang='lat' dir='ltr'><strong>indigenis</strong></span> <span class='ocrx_word' id='word_1_383' title='bbox 1206 4194 1272 4245; x_wconf 86' lang='lat' dir='ltr'><strong>reh-</strong></span> 
     </span>
     <span class='ocr_line' id='line_1_42' title="bbox 158 4263 1271 4347; baseline -0.005 -21"><span class='ocrx_word' id='word_1_384' title='bbox 158 4271 234 4338; x_wconf 84' lang='lat' dir='ltr'><strong>quit,</strong></span> <span class='ocrx_word' id='word_1_385' title='bbox 263 4291 321 4326; x_wconf 88' lang='lat' dir='ltr'><strong>cum</strong></span> <span class='ocrx_word' id='word_1_386' title='bbox 345 4291 416 4326; x_wconf 87' lang='lat' dir='ltr'><strong>mors</strong></span> <span class='ocrx_word' id='word_1_387' title='bbox 439 4274 495 4326; x_wconf 88' lang='lat' dir='ltr'><strong>illic</strong></span> <span class='ocrx_word' id='word_1_388' title='bbox 520 4291 578 4326; x_wconf 88' lang='lat' dir='ltr'><strong>eum</strong></span> <span class='ocrx_word' id='word_1_389' title='bbox 601 4283 765 4347; x_wconf 85' lang='lat' dir='ltr'><strong>occupasset.</strong></span> <span class='ocrx_word' id='word_1_390' title='bbox 801 4283 935 4327; x_wconf 86' lang='lat' dir='ltr'><strong>caeterum</strong></span> <span class='ocrx_word' id='word_1_391' title='bbox 951 4272 1039 4336; x_wconf 79' lang='lat' dir='ltr'><strong>Byzas</strong></span> <span class='ocrx_word' id='word_1_392' title='bbox 1056 4266 1084 4315; x_wconf 83' lang='lat' dir='ltr'><strong>in</strong></span> <span class='ocrx_word' id='word_1_393' title='bbox 1102 4263 1271 4314; x_wconf 60' lang='lat' dir='ltr'><strong>extremitate</strong></span> 
     </span>
     <span class='ocr_line' id='line_1_43' title="bbox 156 4333 1269 4414; baseline -0.004 -22"><span class='ocrx_word' id='word_1_394' title='bbox 156 4339 279 4410; x_wconf 87' lang='lat' dir='ltr'><strong>Bosporii</strong></span> <span class='ocrx_word' id='word_1_395' title='bbox 301 4343 381 4396; x_wconf 87' lang='lat' dir='ltr'><strong>maris</strong></span> <span class='ocrx_word' id='word_1_396' title='bbox 405 4345 498 4397; x_wconf 86' lang='lat' dir='ltr'><strong>urbam</strong></span> <span class='ocrx_word' id='word_1_397' title='bbox 523 4343 689 4413; x_wconf 85' lang='lat' dir='ltr'><strong>designavit,</strong></span> <span class='ocrx_word' id='word_1_398' title='bbox 716 4353 746 4398; x_wconf 88' lang='lat' dir='ltr'><strong>et</strong></span> <span class='ocrx_word' id='word_1_399' title='bbox 761 4345 887 4414; x_wconf 88' lang='lat' dir='ltr'><strong>Neptuno</strong></span> <span class='ocrx_word' id='word_1_400' title='bbox 905 4337 1092 4409; x_wconf 71' lang='lat' dir='ltr'><strong>sputumque,</strong></span> <span class='ocrx_word' id='word_1_401' title='bbox 1120 4337 1150 4382; x_wconf 68' lang='lat' dir='ltr'><strong>ut</strong></span> <span class='ocrx_word' id='word_1_402' title='bbox 1174 4333 1269 4388; x_wconf 65' lang='lat' dir='ltr'><strong>fertur,</strong></span> 
     </span>
    </p>
   </div>
   <div class='ocr_carea' id='block_1_6' title="bbox 0 0 1417 4636">
    <p class='ocr_par' dir='ltr' id='par_1_6' title="bbox 0 0 1417 4636">
     <span class='ocr_line' id='line_1_44' title="bbox 0 0 1417 4636; baseline 0 0"><span class='ocrx_word' id='word_1_403' title='bbox 0 0 1417 4636; x_wconf 95' lang='lat' dir='ltr'><strong> </strong></span> 
     </span>
    </p>
   </div>
  </div>
 </body>
</html>
