2802 4636
511 299 570 365 DE
596 296 735 365 SIGNIS
762 297 823 362 ΟΡ.
1169 289 1217 360 41

101 490 364 576 “Καλλίστρατος
389 484 515 572 εὐτυχὴς
539 488 591 552 καλ
616 488 659 563 εἰς
682 483 757 550 tulo
782 480 966 572 προκόψει.”
1020 477 1037 546 ὁ
1062 482 1096 546 δὲ
1119 489 1220 570 φοβη-

108 598 182 673 θεὶς
205 591 376 682 προσίσυγε
398 597 436 678 τῇ
460 591 612 683 ἐκκλησίην.
664 591 895 664 Κωνσταντΐνος
917 587 952 652 δὲ
973 581 1149 668 ἐξωμόσατο
1175 585 1220 670 μὴ

111 701 260 783 άόικῆσαι
286 693 389 762 αὐτόν.
440 690 456 758 ὃ
484 695 520 760 δὲ
543 695 587 780 μὴ
613 691 820 780 ἀνασχόμενος
842 685 1062 781 ἐχειροτονήθη
1084 687 1221 778 πρεσβεί-

110 828 218 892 τερος,
244 797 309 866 εἶτα
325 799 498 876 ἐπίσκοπος.
612 833 614 842 o

82 926 102 979 5
211 899 376 970 Ὑποκάτω
400 903 435 968 δὲ
457 905 514 968 noti
535 902 635 976 κίονος
657 905 713 966 τοῦ
736 897 835 988 φόρου
860 896 952 988 ἐτίθη
969 899 1020 962 ’καλ
1037 895 1073 963 τό
1089 893 1223 962 Παλλά-

111 1014 181 1076 διον
206 1015 354 1090 στοιχεῖον
375 1008 426 1072 καλ
449 1006 537 1094 ξ’τερο
554 1003 776 1092 σημειοφορικά
794 999 903 1068 πολλά.
956 998 973 1067 ὃ
991 1003 1024 1066 δὲ
1041 997 1151 1077 κόκλος
1167 1007 1224 1066 noni

109 1110 216 1201 φόρου
240 1113 303 1178 ἐστὶ
325 1109 360 1176 τό
384 1109 452 1177 ἴσον
472 1116 528 1194 τῆς
550 1109 664 1185 ποόίας
685 1115 740 1191 τῆς
763 1105 874 1196 κόρσης
896 1111 951 1172 τοῦ
972 1102 1107 1192 μεγάλου
1131 1105 1224 1170 Κων-

109 1218 291 1294 σταντίνου,
316 1211 356 1298 ἣν
382 1213 475 1292 αὐτὸς
501 1213 608 1298 ἔπηξεν
633 1215 744 1292 ἐκεῖσε,
769 1211 819 1278 ὅτε
845 1209 981 1295 ἀνῆλθεν
1007 1208 1067 1274 ἀπό
1089 1205 1260 1293 Ῥώμηςῦ

110 1321 144 1386 οἳ
168 1321 202 1386 δὲ
222 1320 443 1404 σιγματοειδεΐς
460 1315 515 1384 llo
534 1316 659 1402 ἔμβολα
677 1314 839 1400 ἐτύγχανον
854 1311 922 1381 τότε
940 1319 1066 1380 σταῦλοι
1082 1309 1224 1400 γόρωθεν

64 1430 170 1510 Ιοτῆς
200 1421 326 1509 κόρσης,
352 1424 403 1488 καὶ
431 1419 448 1488 ὃ
475 1423 674 1511 περίβλεπτος
700 1411 789 1498 οὗτος
813 1421 902 1498 κίων,
928 1421 979 1483 καλ
1004 1415 1025 1502 ἡ
1049 1414 1145 1501 στήλη
1169 1422 1225 1482 τοῦ

103 1525 318 1607 Ἀπόλλωνος,
343 1525 382 1611 ἣν
409 1525 516 1610 ἴστησε
543 1528 775 1600 Κωνσταντῖνος
797 1519 815 1588 ό
839 1523 935 1608 μέγας
961 1523 1047 1606 δίκην
1070 1517 1158 1604 ἡλίου
1184 1523 1226 1597 είς

108 1630 214 1714 όνομα
241 1631 337 1697 notoni
344 1679 354 1710 ,
380 1633 448 1709 θείς
465 1633 497 1695 ἐν
513 1635 551 1718 τῇ
569 1633 689 1717 κεφαλῇ
705 1625 800 1712 ἥλους
816 1629 849 1691 ἐκ
866 1633 928 1692 τῶν
943 1631 999 1692 τοῦ
1015 1629 1157 1713 Χριστοῦ
1174 1626 1226 1689 καὶ

108 1741 193 1801 θεοῦ
209 1731 296 1820 ἡμῶν
315 1736 400 1818 δίκην
418 1735 563 1813 ἀκτίνων,
590 1729 632 1809 ὡς
648 1731 735 1816 ἥλιος
751 1741 816 1809 τοῖς
831 1733 969 1808 πολίταις
985 1728 1157 1812 ἓκλάμνιων.

214 1837 266 1902 Ἐν
290 1839 324 1903 δὲ
347 1847 411 1914 τοῖς
429 1837 657 1924 Ἀρτοπωλείοις
673 1831 813 1918 κιονόρια
831 1834 911 1900 ὀκτώ
929 1833 1083 1920 περιφέρει
1099 1837 1159 1915 τυῆ
1175 1833 1227 1896 καὶ

66 1957 101 2009 15
112 1948 237 2018 ταῶνας
252 1944 304 2004 καὶ
323 1939 430 2017 ἀετοός
446 1943 497 2004 καὶ
514 1941 637 2015 λίονιας
653 1935 793 2023 λαγωοάς
808 1965 840 2004 τε
847 1987 857 2018 ,
883 1939 934 2002 καὶ
952 1941 1045 2024 κριῶν
1062 1931 1160 2021 κόρας
1176 1937 1228 1998 καὶ

109 2045 289 2132 προσθίαν
314 2047 366 2108 καὶ
390 2039 527 2129 κορώνης
550 2045 601 2106 καὶ
624 2038 771 2127 τρυγόνος
795 2045 846 2107 καὶ
871 2039 952 2124 μυός
977 2041 1028 2104 καὶ
1053 2043 1149 2124 γαλῆς
1174 2041 1226 2103 καί

112 2145 297 2228 δαμάλεως,
323 2147 374 2210 καί
391 2148 423 2208 Γ
420 2142 548 2232 οργόνας
567 2141 622 2210 llo
629 2191 641 2224 ,
654 2145 740 2228 μίαν
755 2145 811 2226 μὲν
828 2148 861 2210 ἐκ
877 2147 984 2222 δεξιάν
1000 2145 1051 2208 καὶ
1069 2140 1175 2229 ἕτίραν
1191 2145 1223 2220 ἐξ
1239 2144 1264 2198 D

111 2247 295 2333 εόωνόμων,
321 2245 341 2331 ἧ
367 2251 424 2332 μία
449 2247 504 2332 τὴν
528 2245 634 2335 ἑτέραν
658 2247 730 2313 κατ’
756 2244 831 2330 ton
853 2248 1030 2330 βλέπουσα,
1056 2245 1117 2312 άπὸ
1142 2273 1226 2334 μαρ-

110 2349 225 2438 μάρων
250 2351 504 2437 ἓγγεγλυμμίναι,
539 2353 589 2416 καὶ
611 2356 728 2438 χοιριόν
753 2349 873 2436 ἀγέλας.
921 2352 1047 2417 *ίσταντο
1076 2351 1111 2416 δὲ
1136 2351 1226 2438 με’χρι

67 2473 105 2526 20
115 2453 271 2540 Ζήνωνος.
322 2457 355 2518 Γ
351 2455 462 2540 αληνός
495 2455 532 2520 δέ
559 2481 621 2533 τις,
657 2453 764 2540 ἰατρός
791 2459 843 2521 καὶ
870 2452 1042 2543 φιλόσοφος
1066 2450 1224 2542 ὑπάρχων,

109 2563 205 2626 ε’κεΐσε
234 2561 419 2646 περαιωθεὶς
444 2558 501 2638 τὰς
523 2562 556 2624 Γ
553 2555 681 2647 οργόνας
704 2559 803 2645 ἔλεγεν
827 2558 1025 2648 ῗερογλυφικό
1042 2560 1093 2622 καὶ
1111 2558 1226 2646 ἀστρο-

185 2722 248 2793 5p.
266 2721 301 2776 14
318 2722 401 2774 Βοιαὶ.
436 2739 464 2792 p.
481 2687 533 2779 115
551 2724 642 2777 (ἔτεκε.
753 2718 785 2776 τό
805 2739 846 2774 om
863 2723 897 2774 0.
1003 2724 1035 2776 ll
1053 2714 1226 2785 ’Λπόλλωνος

183 2787 240 2845 ἔστι
265 2790 318 2844 τοῦ
342 2787 465 2860 μεγάλου
488 2791 719 2858 Κωυσταντίνου,
746 2786 783 2859 ἣν
804 2787 916 2859 ἔστησεν
933 2778 1017 2852 οὗτος
1033 2791 1115 2860 δίκην
1132 2787 1224 2859 ἡλίου,

182 2857 274 2922 ταθείς
296 2860 329 2918 C·
470 2863 505 2917 14
529 2877 558 2934 p.
582 2863 617 2928 16
639 2871 668 2915 st
690 2861 726 2916 92
748 2861 833 2914 Band.
972 2856 1095 2927 κυνάρια
1114 2859 1225 2930 ἔστησεν

179 2929 273 3054 ἔξωροι
286 2931 427 3052 γιῗργιγερῆ
442 2928 492 2985 καὶ
509 2931 542 2985 C.
674 2933 709 2987 15
726 2927 842 2992 λέοντας
859 2923 983 2999 λαγυοός
998 2930 1044 2998 νε]
1062 2929 1174 2993 λεαίνας
1191 2931 1224 2985 C.

238 3015 295 3050 οπο
322 3015 384 3052 ιη.

106 3132 301 3190 “Callistratus
326 3137 435 3189 fortuna
456 3137 566 3190 favento
587 3137 697 3210 insuper
715 3139 750 3192 ad
767 3137 839 3190 aliud
856 3132 1048 3208 provehetur.”
1082 3156 1164 3210 quaro
1181 3139 1226 3193 illo

109 3205 270 3276 perterritus
295 3205 330 3258 ad
357 3207 494 3260 ecclesium
518 3207 654 3278 confugit,
682 3215 710 3262 et
732 3209 851 3278 quamvis
870 3207 1059 3262 Constantinus
1076 3209 1177 3263 iuraret
1195 3229 1225 3264 so

110 3277 207 3330 nullam
224 3276 249 3328 ei
264 3275 389 3329 iniuriam
405 3277 553 3344 illaturum,
572 3289 686 3332 attamen
705 3279 749 3344 ille
763 3278 846 3332 minus
858 3277 942 3332 fidens
954 3278 1065 3350 primum
1075 3281 1227 3352 presbyter,

110 3354 206 3417 posteo
226 3361 290 3398 vero
308 3345 450 3418 episcopus
469 3355 574 3400 orestus
593 3355 644 3401 est.

215 3415 247 3467 Iu
264 3415 385 3468 inferiori
402 3423 478 3487 parte
496 3419 631 3470 columnas
648 3417 701 3470 fori
718 3417 861 3471 Palladium
877 3422 905 3470 et
917 3416 997 3470 multu
1009 3417 1062 3472 alis
1074 3415 1229 3472 admiranda

110 3485 201 3554 posits
217 3487 333 3538 fuorunt.
369 3486 497 3539 circuitus
513 3495 599 3540 autom
616 3487 669 3540 fori
685 3495 775 3540 tantus
793 3495 834 3540 ost
851 3495 964 3557 quantus
978 3489 1030 3540 fuit
1044 3488 1156 3542 ambitus
1169 3497 1228 3542 tcu-

111 3555 175 3607 torii
198 3553 368 3608 Constantini
392 3557 494 3624 magni,
522 3559 591 3628 quod
615 3557 715 3610 Romae
737 3557 896 3626 Byzantium
915 3557 1025 3610 venicus
1042 3558 1105 3611 istic
1122 3559 1226 3614 fixerat.

111 3623 180 3678 (luae
211 3631 299 3678 nutem
329 3625 390 3676 illac
415 3627 613 3681 semirotundno
637 3628 755 3697 porticus
780 3635 843 3679 tunc
868 3627 997 3698 temporis
1023 3629 1128 3681 stabula
1152 3637 1229 3682 crant

112 3693 211 3747 circum
233 3693 392 3760 tentorium3
421 3702 447 3748 et
471 3695 519 3749 illa
542 3697 676 3764 columna,
703 3697 746 3749 oui
763 3696 951 3749 Constantinus
969 3703 1082 3750 statuum
1099 3699 1228 3768 Apollinis

113 3763 163 3815 sub
189 3764 294 3816 nomino
319 3781 368 3816 suo
392 3765 530 3834 imposuit,
555 3767 646 3819 infixis
670 3766 751 3836 copiti
774 3766 907 3819 radiorum
924 3767 1010 3819 instar
1026 3767 1128 3836 aliquot
1145 3769 1226 3822 clavis

113 3831 246 3902 passionis
264 3833 364 3886 Christi
381 3835 426 3888 dei
442 3835 543 3903 nostri,
560 3845 590 3890 ut
606 3836 690 3888 veluti
707 3835 747 3888 sol
764 3836 867 3888 civibus
885 3837 938 3888 uuis
955 3837 1130 3905 praeluceret.

216 3903 249 3956 In
265 3903 410 3972 Artopoliis
427 3905 526 3958 visitur
543 3911 647 3973 statua,
666 3922 735 3976 quac
754 3912 880 3958 exornato
897 3912 939 3958 cst
957 3906 1088 3974 capitibus
1104 3905 1226 3976 pavonis,

113 3970 235 4041 aquilus,
267 3974 367 4038 lconis,
400 3974 516 4044 leporis,
548 3975 675 4043 amotum,
700 3973 924 4045 passerculorum,
951 3975 1078 4042 comicis,
1104 3974 1226 4039 turturis,

112 4041 206 4110 muris,
225 4042 286 4094 felis
305 4047 333 4095 ct
347 4044 475 4107 bucula03
501 4045 566 4098 item
582 4045 724 4116 Gorgones
743 4045 812 4097 <inno
829 4061 862 4096 ex
878 4061 1006 4097 marmore
1023 4046 1154 4113 sculptae,
1174 4059 1227 4095 una

114 4109 148 4160 nd
170 4111 290 4164 dextram
307 4113 394 4165 altera
411 4113 446 4167 ad
463 4114 613 4182 sinistram,
638 4115 708 4168 lacis
727 4115 777 4167 sibi
794 4114 908 4168 invicem
926 4115 1055 4173 obversa,
1081 4119 1109 4162 et
1125 4111 1226 4164 domum

112 4177 236 4248 copiosus
253 4198 393 4250 porcorum
411 4199 486 4252 grex.
514 4185 692 4268 perstiterunt
709 4191 797 4236 autem
815 4199 900 4254 usquc
918 4183 953 4235 ad
970 4182 1112 4233 Zenonem.
1139 4187 1227 4232 caete-

112 4263 171 4300 rum
193 4249 309 4304 Galenus
333 4253 437 4320 quidam
461 4253 576 4306 medicus
602 4261 630 4306 et
653 4255 842 4325 philosophus,
869 4255 937 4304 istac
959 4255 1067 4318 praeter
1086 4249 1228 4329 (Jorgonas

111 4316 258 4388 transiens,
285 4321 485 4395 hieroglyphicu
503 4339 562 4378 esse
580 4323 663 4395 dixit,
690 4325 780 4396 iisque
799 4320 1003 4377 astronomicum
1019 4317 1104 4368 sutum
1121 4333 1228 4386 praesn-
