2802 4636
203 269 253 344 50
538 275 755 346 GEOBGIUS
783 277 969 350 CODINUS

201 465 252 528 καί
268 459 479 550 εὗρημίζοντες
491 457 592 550 ἔλεγον
607 461 686 532 “rosi
698 475 833 556 σταυροιῖ
845 467 866 553 ἡ
880 466 1008 552 δάναμις
1019 465 1153 552 βοήθεια
1167 469 1307 548 adroic?

201 568 295 632 ἐκεῖσε
320 567 353 630 δὲ
373 567 497 633 λὀταντο
521 570 573 634 καὶ
596 567 690 636 πύλαι
710 579 829 657 χαλκαῖ
847 581 907 640 τῶν
931 571 1087 659 τεσσάρων
1109 581 1229 661 μερῶν,
1257 581 1307 642 καὶ

200 672 358 757 περίπατοι
374 667 516 760 γάρωάεν
531 671 692 762 τέσσαρες,
710 678 761 742 καὶ
778 676 1000 766 σημειοφορικά
1016 674 1130 756 πολλά,
1150 682 1202 742 καὶ
1215 678 1306 768 διήρ-

110 779 185 835 Pau
201 799 291 840 κεσαν
323 775 413 862 μέχρι
448 782 505 842 τοῦ
538 777 702 866 Θεοφίλου.
753 779 853 847 iinon
881 783 914 846 δὲ
937 778 1053 864 ἐκλήθη
1077 782 1183 858 κοιλὰς
1208 790 1306 848 κλαυ-

199 883 326 959 domoc
347 877 427 966 παρ’
453 880 564 960 αὐτοῦ,
589 885 639 947 καί
657 883 886 970 προσετάγησαν
904 885 933 948 οἳ
950 893 1189 972 οωμστοπριῖται
1208 890 1328 954 ἐκεῖσεῖι

198 977 378 1068 πιπράσκειν
393 984 432 1047 τὰ
450 985 581 1050 οἰκετικὰ
597 984 757 1072 πρόσωπα.

294 1085 346 1150 Ἔν
372 1086 407 1150 δὲ
431 1094 475 1174 τῷ
499 1091 675 1179 καλουμένῳ
701 1089 857 1176 Ζεάγματι
880 1087 981 1156 ἐπάνω
1004 1096 1060 1156 τοῦ
1085 1088 1201 1178 λόφου,
1229 1089 1303 1179 ὅπερ

198 1182 307 1272 ὁρᾶται
335 1186 460 1273 είίμηκες
483 1193 594 1276 κτίσμα
615 1190 802 1277 νοοοκάμου,
828 1191 845 1260 ὃ
868 1196 963 1280 μίγας
979 1196 1210 1272 Κωνσταντῖνος
1227 1195 1304 1280 άνή-

196 1315 293 1377 γειρεν
316 1291 390 1358 αὐτὸ
415 1295 457 1370 εἰς
473 1305 620 1382 πορνεῖον.
668 1298 776 1364 ἵστατο
794 1298 828 1363 δέ
844 1297 942 1382 στήλη
960 1299 1007 1362 ἐπὶ
1024 1305 1163 1363 κλωστοῦ
1179 1302 1303 1366 λιθίνου

197 1381 295 1471 κίονος
316 1402 372 1480 τῆς
397 1395 607 1485 Ἀφροδίτης·
633 1407 694 1467 τῶν
711 1403 746 1466 δέ
761 1407 893 1468 πολιτῶν
909 1403 1002 1468 ἐκεῖσε
1020 1401 1235 1489 ἀπερχομένων
1251 1407 1339 1468 καίΙο

197 1495 335 1582 ἐριάντων
353 1500 409 1576 τάς
425 1501 518 1568 ἐκεῖσε
536 1499 678 1582 οίκοάοας
693 1503 873 1589 μαχλάιλας,
898 1504 1014 1583 ἴξωθεν
1029 1513 1085 1571 τοῦ
1104 1507 1199 1572 αὐτοῦ
1217 1507 1301 1572 οἷκον

196 1600 254 1684 οὐχ
284 1599 435 1690 εὑρίσκετο
466 1606 568 1692 ἕτερον
596 1618 742 1694 πορνεῖον.
794 1613 845 1674 καί
875 1600 955 1693 ἦσαν
980 1607 1135 1698 άπάχωροι
1158 1612 1206 1674 ἐπὶ
1231 1612 1302 1688 τοὺς

196 1705 300 1782 κίονας
314 1707 391 1789 μετὰ
409 1709 572 1795 κρικέλλων
590 1713 640 1776 καί
657 1713 830 1798 κουρτίνων.
881 1715 932 1778 καὶ
950 1711 1047 1789 οὕτως
1062 1715 1154 1779 ἐκεῖσε
1171 1715 1202 1779 ἐν
1218 1715 1301 1781 ἀσω-

156 1809 247 1898 ΒτίριΙ
273 1809 302 1872 οἳ
327 1811 453 1896 ἐρῶντες
477 1813 646 1901 ἐτέρποντο.
695 1808 734 1902 ήν
757 1817 864 1882 δὲκαὶ
889 1814 984 1901 στήλη
1009 1823 1070 1882 τῶν
1093 1819 1125 1882 ἐν
1147 1815 1301 1902 ὑπολήψει

196 1910 295 1978 obedo
312 1919 463 2001 καθαρῶν
478 1925 628 2002 γυναικῶν
644 1921 696 1984 καί
715 1921 888 2008 παρθένων.
939 1923 1058 1986 ἐκείνων
1075 1921 1110 1985 δέ
1125 1922 1168 2006 μή
1186 1929 1299 1989 deiuv—
1307 1935 1338 1989 15

195 2021 258 2080 σῶν
274 2013 432 2103 ὁμολογεῖν
437 2067 448 2099 ,
473 2019 573 2108 ἔλεγον
590 2022 697 2102 αὐτοῖς
714 2025 744 2090 οἳ
761 2033 857 2110 γονεῖς
872 2049 904 2090 τε
921 2026 971 2089 καὶ
989 2026 1073 2113 φίλοι
1094 2021 1301 2110 “άπε’λθωμεν

195 2122 237 2195 είς
270 2119 362 2205 τότής
373 2121 556 2210 Ἀφροδίτης
572 2125 714 2211 άγαλμα,
733 2131 783 2194 καί
802 2132 829 2194 εἰ
845 2129 974 2214 καθαρά
992 2125 1035 2207 εἴ,
1052 2129 1223 2217 ἐλεγχθήσῃ
1242 2134 1305 2196 ἐκεῖ

193 2222 241 2284 ἐπί
258 2230 313 2306 τῆς
328 2221 474 2306 στήλης.”
527 2231 578 2291 καί
595 2229 644 2293 ὅτε
663 2233 859 2314 ἐπληοιαζον,
876 2229 896 2314 ή
913 2233 969 2312 μέν
985 2231 1142 2316 άμεμτιτος
1159 2232 1300 2320 διήρχετο

261 2397 278 2452 l
298 2395 396 2482 βοηθῇ
411 2392 479 2466 ἡμῖν
495 2401 534 2470 C,
550 2401 659 2474 βοηθεῖ
670 2405 737 2459 Bav.
855 2408 873 2460 λ
891 2403 1019 2472 τέσσαρες
1035 2413 1091 2464 τῶν
1108 2407 1245 2480 τεσσάρων
1265 2415 1299 2468 O.

260 2466 279 2522 6
295 2482 500 2534 πιπράσκοντες
515 2471 583 2526 Bav.
707 2474 724 2531 ’ί
745 2493 774 2545 p.
792 2477 828 2532 34
844 2473 929 2532 Band.
955 2480 1103 2534 addebatur
1119 2483 1210 2534 index:
1234 2482 1300 2550 περὶ

261 2535 314 2589 τοῦ
339 2535 457 2600 ξενῶνας
479 2542 530 2594 τοῦ
557 2542 707 2610 Θεοφίλου.
742 2546 788 2598 ubi
807 2547 876 2601 Bav.
897 2545 1054 2612 ξενοκίονος
1070 2552 1126 2604 τῶν
1141 2552 1298 2618 θεοφίλιον.

261 2605 280 2660 8
303 2611 485 2674 νοσοκομεῖον
504 2599 541 2678 ήν
558 2603 610 2666 tro
644 2607 791 2700 άνήγειρεν
810 2611 825 2668 ά
844 2612 929 2685 μέγας
944 2621 1158 2682 Κωνστοινιῖνος
1174 2619 1214 2683 είς
1230 2640 1299 2690 πορ-

260 2676 348 2727 νεῖον.
374 2669 468 2743 γέγονε
486 2675 518 2732 di
536 2678 583 2734 καί
602 2631 679 2745 oinos
700 2679 834 2750 [σιδάρου
851 2687 1015 2756 πατρικίου,
1033 2683 1095 2744 εἶτα
1110 2689 1299 2760 μονοιοτήριον

261 2747 437 2810 γυναικεῖον·
465 2745 514 2801 καλ
539 2744 555 2802 d
582 2748 719 2819 Θεόφιλος
743 2747 875 2824 ἐποίησεν
900 2752 971 2811 αὐτὸ
995 2759 1110 2823 ξενῶνα.
1142 2760 1238 2814 ἵστατο
1263 2763 1297 2814 0.

261 2812 296 2866 12
314 2808 449 2882 διάχωροι
466 2816 504 2885 C,
522 2815 648 2888 διάγυρα
660 2823 727 2876 Bav.
833 2825 868 2880 13
882 2825 1025 2894 κρικελίιον
1038 2829 1070 2882 C.
1176 2831 1297 2896 κουρίαν

259 2881 329 2936 Bav.
351 2885 490 2952 κουρείων
506 2889 598 2944 ceteri.
622 2909 682 2944 corr
699 2892 864 2948 Lambecius.
973 2899 1006 2950 lb
1023 2899 1179 2966 γυναικοῖν,
1196 2901 1252 2952 τοῖν
1267 2917 1298 2954 τε

258 2947 425 3038 παρθένων,
436 2953 485 3040 πρά
508 2953 561 3044 μή,
586 2962 726 3014 πλουσίων
743 2980 773 3015 τε
789 2959 863 3031 ὁμοῦ
880 2961 929 3050 uod
947 2963 1086 3052 πενήτων.
1121 2966 1170 3054 aad
1188 2965 1238 3022 ἐάν
1255 2988 1298 3056 τις

205 3078 207 3083 ·
260 3015 356 3157 {itit
373 3041 566 3151 &diatim
596 3031 1115 3170 ““⁹1i⁸iiiiioidiv⁹isi⁰”²⁰⁹W
1140 3041 1297 3106 ⁰⁹⁰²⁰⁷⁶‘⁹'

189 3238 274 3292 verbe
291 3239 360 3294 baec
373 3243 441 3298 bene
459 3246 573 3303 ominata
587 3249 776 3320 proclamantes
797 3250 936 3326 “potentia
953 3258 1038 3312 crucis
1054 3259 1093 3312 sit
1110 3277 1201 3313 eorum
1217 3263 1297 3314 auxi-

188 3301 283 3392 lium.''
318 3310 414 3366 ibidem
432 3323 557 3384 quattuor
573 3327 650 3374 erant
666 3331 759 3392 portae
777 3343 871 3380 aereae
891 3345 940 3396 pro
958 3345 1064 3382 numero
1080 3330 1241 3397 factionum,
1268 3337 1297 3384 et

188 3378 299 3432 totidem
316 3381 433 3449 porticus
450 3384 477 3437 in
493 3386 617 3458 circuitu,
636 3395 665 3443 et
681 3393 730 3446 elia
746 3395 826 3447 multa
839 3397 1000 3450 admiranda.
1036 3399 1102 3451 haec
1117 3400 1157 3452 ita
1172 3417 1298 3470 perman-

189 3463 248 3499 sere
265 3453 401 3519 usquead
420 3453 610 3526 Theophilum,
636 3460 683 3529 qui
700 3463 756 3515 eius
774 3465 832 3517 loco
849 3465 887 3519 ibi
903 3467 1037 3520 exstruxit
1052 3469 1146 3522 vallem
1161 3471 1295 3538 planetus,

189 3521 216 3598 et
241 3519 370 3639 mancipia
395 3539 539 3596 servosque
563 3546 579 3582 a
601 3532 811 3600 negotiatoribus
833 3535 958 3590 eiusmodi
979 3538 1042 3590 istic
1064 3555 1159 3592 venum
1180 3539 1297 3609 proponi
1386 3569 1387 3630 η

188 3601 278 3641 uuest.

270 3655 323 3740 .i¹¹
339 3655 399 3712 loco
416 3668 567 3733 nuncupato
583 3665 728 3739 Zeugmate
746 3688 827 3742 supra
842 3671 948 3742 coliem,
975 3675 1021 3728 ubi
1038 3693 1106 3730 nuno
1121 3677 1296 3747 praelongam

188 3731 350 3794 conspicitur
372 3729 517 3788 aedificium
538 3733 567 3788 iu
591 3754 644 3808 quo
662 3743 765 3809 aegroti
781 3749 924 3809 curantur,
949 3744 988 3797 ibi
1005 3745 1065 3798 olim
1082 3764 1098 3800 a
1117 3748 1296 3800 Constantino

186 3809 280 3863 magno
304 3796 416 3866 lupanar
440 3811 602 3860 exstructum
624 3810 727 3880 iuerat,
752 3818 859 3882 praeter
881 3813 951 3882 quod
973 3815 1069 3868 nulium
1094 3817 1163 3869 aliud
1181 3818 1207 3868 in
1227 3820 1295 3870 urbe
1386 3819 1387 3840 ³

184 3862 380 3921 inveniebatur.
416 3872 507 3926 stabat
536 3873 591 3930 illio
621 3895 701 3962 supra
731 3879 874 3936 columnam
902 3882 1030 3952 lapideam
1054 3886 1169 3939 Veneris
1192 3891 1296 3953 statue,
1386 3903 1387 3950 1

185 3950 263 4002 quam
287 3935 409 3992 colebant
431 3943 596 3998 meretricum
618 3946 681 4002 istro
696 3950 869 4004 habitantium
886 3961 1027 4006 amatores.
1061 3956 1131 4009 circa
1149 3957 1295 4008 columnam
1386 3969 1387 4018 ἴ

185 4019 251 4056 vero
278 4011 354 4058 erant
380 4009 460 4062 cellae
486 4015 607 4067 cancellis
633 4023 661 4070 et
684 4020 791 4072 cortinis
812 4021 966 4087 distinctae,
992 4023 1064 4078 intra
1086 4043 1152 4094 quus
1175 4033 1294 4078 amantes
1386 4035 1387 4090 ἶ

182 4070 335 4128 libidinibus
358 4077 412 4130 suis
434 4083 649 4148 perfruebantur.
684 4099 824 4158 praeterea
840 4107 944 4159 quoque
959 4091 1124 4148 inserviebat
1141 4095 1185 4148 illa
1198 4099 1294 4148 statua

181 4143 334 4198 mulieribus
363 4152 391 4198 et
415 4148 576 4220 virginibus,
613 4171 721 4225 quarum
745 4167 868 4228 suspecta
893 4169 950 4214 erat
974 4162 1113 4228 pudicitie.
1153 4165 1195 4218 bis
1222 4165 1292 4216 enim

182 4209 281 4266 facturn
306 4217 387 4269 fateri
411 4219 559 4274 nolentibus
583 4232 707 4292 parentes
732 4233 761 4280 et
782 4228 889 4296 oognati
911 4229 1035 4283 dicebant
1057 4227 1165 4286 “eamtus
1183 4231 1218 4285 ad
1237 4243 1294 4286 sta-

183 4283 253 4332 tuam
278 4282 408 4356 Veneris,
436 4295 466 4343 et
488 4289 534 4346 ills
557 4293 683 4364 parit-atis
706 4301 768 4348 tuae
790 4297 912 4350 indicium
935 4291 1050 4353 faciet.'’
1084 4310 1147 4372 post
1163 4303 1210 4355 ubi
1227 4301 1293 4356 illue
