2808 4616
329 253 500 320 BREVES
526 250 732 320 ENARRAT.
760 248 1009 323 GHRONOGR.
1149 259 1222 330 179

216 436 267 505 Ἐν
297 444 342 527 τῷ
373 441 438 504 Boi·
464 446 521 504 τοῦ
552 439 785 506 Κωνσταντίνου
815 437 960 526 φωσάτον
986 442 1223 533 παρεσκευάσθη

113 544 272 629 μέγιστον,
298 544 349 608 καὶ
372 540 506 625 πόλεμον
530 543 614 634 αότῷ
638 540 742 624 Βόζας
764 542 973 632 παρετάξατο,
1000 547 1051 612 καὶ
1068 547 1224 619 ἀπέθανον

108 646 266 732 Ἓλληνες,
293 644 335 724 ὥς
360 643 563 734 όΣωκράτης
581 650 691 736 φησίν,
719 647 812 714 εἴκοσι
827 647 973 734 χιλιάδες.
1023 654 1165 740 παρευθε)
1190 657 1224 722 δὲ

114 754 146 816 έν
170 757 215 840 τῷ
238 752 321 838 αὐτῷ
344 754 412 816 Bol'
430 750 562 838 σταυρὸς
587 750 722 840 ἄργυρός
738 755 965 840 κεχρυσωμένας
981 753 1146 842 ἔτυπιόθη,
1172 763 1223 826 καὶ

85 858 344 922 όΚωνστανκίνου
379 858 431 921 καὶ
462 852 585 940 Ἑλένης
618 854 728 936 εἰκόνες
734 904 744 936 ,
778 857 962 946 ἀμφοτέρων
989 859 1022 924 αἱ
1044 869 1145 951 χεῖρες
1168 863 1223 930 τόν

111 959 243 1048 σταυρὸν
271 960 470 1042 κατέχουσαι,
496 963 588 1048 φησί,
613 965 674 1026 τῶν
699 958 887 1027 θεοδοόλων.
1233 971 1257 1026 Ε

206 1061 276 1129 ’Ότι
300 1063 339 1130 τά
365 1062 511 1149 λεγόμενα
536 1061 695 1152 Κοντάρια
711 1066 821 1151 βίγλαν
840 1061 918 1149 εἶχον
937 1061 994 1142 ἕως
1011 1062 1062 1150 ἴση
1081 1063 1118 1146 ζ’.
1169 1071 1221 1134 καὶ

112 1168 143 1230 έν
168 1167 253 1254 αὐτῷ
275 1171 320 1255 τῷ
345 1163 429 1255 τόπῳ
453 1164 585 1250 πόλεμος
610 1169 666 1246 ἕως
690 1165 741 1253 έτη
764 1165 807 1251 β’.
858 1172 911 1236 καὶ
926 1167 1000 1246 ναὸς
1018 1167 1151 1236 εἲδώλων
1167 1198 1221 1255 μι-

111 1269 185 1357 κρὸς
207 1267 304 1349 πάνυ,
331 1267 366 1334 δν
383 1269 484 1356 ἔλεγον
503 1273 535 1334 Γ
532 1277 646 1355 αληνοῦ
664 1269 753 1338 εἶναι·
779 1271 814 1338 δν
831 1274 973 1340 καθελὼν
990 1275 1222 1353 Κωνσταντῖνος

66 1382 105 1436 10
113 1379 167 1458 τῆς
183 1371 333 1438 θεοτόκου
352 1369 433 1438 οἷκον
451 1371 604 1463 ἀνήγειρε,
632 1377 684 1440 καὶ
701 1373 810 1442 ἑαυτὸν
828 1374 998 1465 ἐγχαράξας
1016 1379 1067 1442 καὶ
1083 1378 1139 1462 τὴν
1155 1407 1216 1464 μη·
1234 1393 1258 1447 [r

110 1478 185 1564 τέρα
213 1479 264 1541 καὶ
286 1477 404 1561 Ἰησοῦν
426 1479 478 1544 καὶ
496 1477 553 1564 τὴν
570 1479 727 1567 παρθένον
742 1481 951 1568 πανηγυρικὰς
967 1478 1076 1568 ἑορτάς
1092 1481 1220 1548 ἐπετέλει

111 1582 168 1658 ἕως
184 1576 301 1667 ἡμέρας
319 1579 370 1662 ιβ’.

210 1683 262 1750 Ἐν
285 1693 349 1762 τοΐς
365 1685 540 1771 Βιγλεντίου
557 1681 692 1772 ὑπῆρχεν
708 1680 729 1767 ἡ
747 1681 927 1772 ὀχυρωτάτη
943 1686 1034 1772 βίγλη
1052 1689 1218 1754 Κωνσταν-
1237 1706 1311 1764 1²98

111 1787 193 1852 τίνου
203 1835 213 1866 ,
239 1786 279 1872 ἢν
296 1788 356 1876 πρὸ
374 1795 430 1874 τῆς
446 1789 595 1865 ὀπτασίας
621 1792 694 1872 [τῆς
710 1794 765 1854 τοῦ
785 1794 921 1876 σταυροῦ
941 1791 1007 1876 ἐπὶ]
1033 1798 1088 1875 τῆς
1105 1789 1222 1870 πόλεως

65 1898 102 1953 15
112 1889 252 1975 έστησεν·
278 1894 343 1956 ἐκεῖ
362 1891 439 1978 γάρ,
466 1889 508 1968 ὥς
533 1891 651 1978 ἔλεγον,
677 1893 730 1957 καλ
754 1891 808 1957 τὸν
835 1891 968 1979 σταυρὸν
994 1895 1064 1981 περὶ
1093 1896 1221 1960 δειλινὸν

109 1994 366 2082 ὀφθαλμοφανῶς
389 1993 551 2061 ἐθεάσατο.
603 1998 634 2060 έν
652 1995 737 2084 αὐτῷ
753 1995 788 2060 δέ
804 2001 849 2085 τῷ
864 1991 948 2084 τόπῳ
964 2004 1029 2072 τοΐς
1045 2001 1220 2082 Βιγλεντίου

111 2101 250 2185 Σευῆρος
266 2101 298 2160 Γ
295 2097 386 2178 άζους
402 2096 585 2188 κατῴκισεν,
605 2096 659 2175 οὓς
674 2101 726 2163 καὶ
742 2095 918 2183 πολεμήσας
935 2102 1112 2182 Μαξιμῖνος
1124 2126 1221 2188 στρα-

109 2199 203 2285 τηγὸς
224 2203 458 2268 Κωνσταντίνου
483 2199 555 2268 ὡσεὶ
580 2201 660 2269 insol
678 2199 823 2286 χιλιάδας
847 2201 1026 2270 ἀπέκτεινεν.
1077 2207 1128 2270 καὶ
1151 2203 1220 2271 τότε

111 2304 141 2368 οἱ
165 2307 265 2370 λοιποὶ
290 2303 478 2389 καταβάντες
501 2312 562 2372 τάν
585 2307 687 2370 ’ίππων
710 2309 761 2370 καὶ
785 2305 823 2372 τά
850 2307 923 2393 ξίφη
947 2303 1130 2388 κλάσαντες,
1155 2317 1220 2386 τοῖς

63 2410 183 2474 λθποσὶ
205 2411 385 2493 Μαξιμίνου
409 2407 685 2495 έγκυλινδοόμενοι,
710 2410 863 2497 σωτηρίας
878 2417 978 2494 τυχεῒν
996 2410 1141 2478 ἵκέτευον·
1168 2414 1220 2478 καὶ

108 2508 250 2594 τυχόντες
282 2515 315 2580 ἐκ
345 2519 407 2580 τῶν
437 2515 522 2579 ἰδίων
548 2510 833 2603 χαλκουργημάτων
857 2515 1078 2606 Κωνσταντίνῳ
1103 2512 1255 2600 στήληνΒ

109 2615 265 2682 ἀνέθεντο.

209 2719 261 2783 Ἐν
277 2725 323 2806 τῷ
339 2715 427 2807 φόρῳ
444 2717 477 2802 μ’
495 2715 614 2805 ἡμέρας
631 2720 862 2822 Ιίωνσταντῖνος
878 2717 1033 2803 ἐδοξάσθη
1050 2722 1104 2786 καὶ
1121 2719 1218 2807 εόφη·

213 3010 245 3064 In
270 3007 440 3062 Constantini
462 3010 536 3062 Bove
560 3007 694 3062 maximum
719 3008 880 3062 commissum
901 3007 1028 3080 praelium
1052 3015 1106 3073 est3
1135 3011 1216 3064 aciem

108 3085 203 3145 contra
218 3080 288 3132 illum
305 3079 433 3132 instruxit
449 3077 552 3146 Byzas,
570 3079 630 3144 ubi,
650 3085 775 3132 narrante
792 3079 915 3146 Socrate,
942 3080 1105 3132 Graecorum
1120 3079 1216 3148 viginti

106 3153 179 3207 milia
197 3150 357 3202 cecideruut.
392 3148 535 3218 statimque
551 3149 579 3200 in
596 3148 686 3202 eodem
702 3150 761 3218 ipso
778 3149 853 3202 Bone
871 3165 936 3201 crux
949 3156 1076 3216 argentea
1090 3151 1217 3202 deaurata

107 3224 231 3276 coniecta
256 3227 312 3286 est,
341 3235 440 3271 necnon
465 3235 601 3271 servorum
624 3218 668 3271 dei
693 3217 863 3272 Constantini
889 3223 917 3272 et
939 3217 1059 3274 Helenae
1080 3219 1215 3289 imagines,

108 3307 213 3346 crucem
230 3289 348 3342 menibus
366 3287 579 3359 complectentes.

215 3359 356 3424 Conteris,
381 3363 413 3410 ut
436 3365 546 3424 vocent,
572 3356 697 3410 excubiae
715 3358 748 3409 ed
766 3373 848 3409 annos
864 3361 966 3426 septem
984 3356 1145 3422 habuerunt,
1172 3373 1215 3408 eo-

108 3431 221 3498 demque
243 3429 300 3480 loco
324 3429 357 3480 ad
381 3427 513 3480 biennium
534 3425 628 3480 bellum
646 3433 747 3495 gestum
765 3427 826 3479 luit.
861 3431 919 3480 erat
935 3427 1063 3482 idolorum
1080 3426 1216 3480 delubrum

109 3500 248 3568 exiguum,
276 3498 346 3566 quod
372 3497 488 3550 Gallieni
514 3515 572 3550 esse
597 3496 729 3550 dicebaut.
765 3513 816 3564 quo
841 3496 927 3550 diruto
950 3496 1139 3549 Constantinus
1160 3497 1217 3549 dei-

109 3585 192 3638 parae
218 3568 309 3620 aedem
335 3565 474 3636 excitavit,
500 3583 611 3636 seseque
635 3583 692 3618 cum
709 3572 792 3618 matre
807 3566 921 3634 Iesuque
938 3581 970 3618 ac
986 3566 1096 3636 Virgine
1113 3583 1215 3620 nummo

109 3639 258 3708 insculpens
275 3638 347 3689 lesia
362 3638 468 3707 publica
485 3637 577 3689 diebus
595 3633 730 3688 duodecim
747 3635 900 3691 celebravit.

213 3707 256 3760 Ad
278 3707 416 3776 Viglentia
435 3706 611 3761 validissimae
628 3711 705 3758 erant
721 3705 888 3756 Constantini
905 3703 1047 3771 excubiae,
1072 3719 1137 3773 quas
1155 3711 1216 3758 ante

110 3776 198 3829 crucis
222 3777 351 3830 visionem
373 3777 402 3828 in
425 3779 491 3830 urbe
514 3776 630 3828 habitem
651 3773 763 3828 locavit:
792 3790 850 3827 nam
867 3773 938 3838 illic,
962 3783 992 3826 ut
1011 3775 1110 3840 fertur,
1137 3773 1215 3826 etiam

110 3863 215 3898 cruceni
238 3846 305 3917 ipsis
329 3846 411 3899 oculis
435 3847 506 3899 circa
529 3861 667 3916 vesperam
690 3844 836 3913 conspexit.
871 3844 960 3896 eodem
984 3860 1090 3914 quoque
1107 3844 1164 3895 loco
1183 3841 1215 3892 ed

110 3915 248 3982 Viglentia
269 3918 387 3970 Severus
412 3916 525 3969 Gazeeis
548 3917 622 3968 sedes
640 3922 667 3967 et
684 3914 837 3967 domicilium
854 3913 1075 3983 praescripseram
1104 3912 1216 3978 inques

111 3984 243 4037 instructo
268 3985 338 4039 bello
362 3986 518 4040 Maximinus
540 3983 708 4038 Constantini
731 3983 863 4037 exercitus
885 3983 938 4038 dux
961 3983 1037 4052 quasi
1060 3989 1119 4034 octo
1143 3977 1217 4032 milia

112 4069 203 4104 eorum
233 4055 357 4108 concidit.
399 4063 454 4110 turn
479 4055 575 4125 reliqui
600 4055 676 4124 equis
703 4054 870 4121 exsilientes,
902 4053 1098 4121 confractisque
1122 4047 1216 4118 gladiis

112 4121 251 4175 Maximini
274 4125 385 4191 pedibus
409 4125 541 4193 advoluti,
568 4125 649 4178 vitam
666 4126 798 4194 supplices
814 4124 950 4196 deprecati
965 4121 1088 4190 nectique
1104 4135 1138 4171 ex
1153 4135 1217 4188 pro·

113 4192 173 4262 prio
191 4207 322 4245 armorum
338 4211 400 4247 aere
417 4201 531 4249 statuam
548 4195 722 4249 Constantino
758 4209 863 4248 osuere.

218 4259 249 4313 ln
271 4261 330 4314 foro
351 4263 539 4320 Constantinus
553 4282 603 4336 per
620 4215 794 4337 quadraginta
810 4263 866 4319 dies
881 4260 976 4320 iausb‘s
993 4255 1078 4328 plebis
1095 4262 1216 4308 senatus-
