2814 4608
158 255 235 332 270
467 251 645 323 uEuRsn
669 253 727 322 ET
751 251 956 322 Lufflncn

158 463 243 517 ιιιον,
265 433 317 502 τὸν
338 433 482 518 βαέονλον
503 435 616 513 uisuri,
638 435 745 496 παπᾶν
767 432 900 515 locique.
941 435 1101 517 utrobique
1124 436 1268 516 βαλουλος

159 522 429 588 Graeco-berham
451 520 560 580 dicitur
579 521 711 580 monitor
731 521 782 578 vel
804 520 1008 601 poedagogus.
1052 525 1150 582 Lm.

243 631 275 690 p·
297 607 338 672 95
359 627 387 668 r.
411 604 461 670 14.
504 602 558 670 τάν
584 602 661 668 cciv
685 601 740 668 riv
761 603 854 687 μέγαν
875 611 937 670 τοῖν
957 607 1154 690 Βλαχερνοῖν]
1184 618 1270 668 tem-

158 698 246 780 plum
266 695 445 771 intelligitur
465 695 500 754 B.
519 693 667 770 Virginis,
689 690 772 772 quod
791 694 825 750 in
846 693 989 754 suburbio
1011 692 1186 754 Blachernis
1208 716 1269 756 no-

157 786 275 843 minato
307 799 325 838 ο
355 775 516 836 Pulcherie
546 779 692 836 Marciani
719 797 816 836 uxore
843 777 999 837 conditum
1028 791 1057 840 et
1084 781 1121 838 ab
1151 784 1268 842 Iustino

158 871 276 930 seniore
297 876 327 924 et
346 865 512 923 Iustiniuno
532 865 713 943 ampliatum
731 874 761 922 et
777 875 956 922 renovatum
969 866 1036 930 fuit.
1080 868 1144 924 eius
1159 869 1268 946 templi

157 963 276 1036 praeter
303 948 508 1029 Nicephorum
533 949 694 1008 callistum
717 951 756 1013 15
790 947 831 1011 14
862 952 977 1030 passim
997 951 1031 1010 fit
1049 954 1163 1010 mentio
1186 951 1268 1033 apud

159 1050 291 1100 coeteros
312 1038 471 1115 scriptores
492 1033 636 1096 historiae
658 1037 717 1094 GP.
760 1037 857 1094 hstes.

243 1145 274 1205 p.
295 1123 336 1186 95
357 1141 385 1181 v.
408 1124 458 1186 16.
500 1119 682 1202 Βλαχέρναι]
719 1119 904 1179 Blochemse
938 1119 1023 1179 locus
1060 1130 1124 1179 eret
1158 1121 1269 1180 subur·

158 1211 257 1270 hunus
288 1207 327 1268 sd
359 1209 435 1267 ostie
463 1209 580 1264 Euxini
607 1209 719 1280 meris3
759 1207 956 1288 quemobrem
984 1207 1076 1266 etium
1102 1209 1268 1286 Procopius

159 1297 310 1376 templum
341 1296 376 1354 B.
408 1293 539 1372 Virginis
566 1293 610 1350 ibi
639 1302 827 1351 exstructum
857 1286 1076 1354 ἐπιθαλάσσιον
1102 1304 1267 1372 nuncupet.

159 1385 311 1462 triplicem
339 1399 410 1438 vero
439 1381 586 1438 rationem
611 1379 743 1438 nominis
771 1377 858 1436 effert
886 1377 1037 1452 Codinm,
1070 1381 1172 1458 primo
1194 1381 1268 1459 βλα-

160 1467 270 1550 χέρναν
301 1466 388 1547 quasi
419 1464 605 1546 βλαχνέρναν
634 1463 709 1539 dici,
742 1463 824 1543 quod
852 1463 980 1522 filicibus
1010 1475 1088 1522 esset
1119 1468 1266 1524 consitus:

160 1550 294 1634 βλάχνον
317 1552 398 1609 enirn
420 1569 514 1630 seque
536 1559 627 1630 utque
648 1548 749 1629 πτέρις
761 1550 881 1623 filicem
902 1549 1065 1627 significet,
1086 1561 1122 1608 ut
1141 1561 1268 1609 testetur

158 1637 291 1698 Phanias
329 1634 412 1716 opud
446 1633 637 1694 Athenaeum
670 1645 699 1692 et
735 1633 909 1694 scholiastes
941 1633 1100 1711 Nicandri3
1134 1636 1267 1696 secundo

159 1722 326 1806 βλαχέρναν
355 1721 441 1802 quusi
467 1719 614 1801 λακέρναν
641 1721 805 1796 nominari,
837 1722 981 1801 quonium
1001 1723 1088 1780 locus
1110 1733 1173 1780 erut
1192 1728 1268 1784 λακ-

158 1805 262 1888 ιιάδης
291 1809 355 1866 sire
385 1806 547 1864 Ιαοαιιοοιιο
568 1817 599 1864 et
615 1806 775 1883 palustris.
818 1808 874 1864 etsi
900 1804 1025 1887 quidem
1047 1805 1124 1864 duee
1145 1818 1266 1886 etymo-

158 1897 260 1974 logine
288 1911 377 1952 verce
404 1911 466 1951 nou
493 1895 568 1970 sint,
599 1893 779 1951 verisimiles
805 1901 908 1948 temen
930 1903 1000 1950 sunt
1022 1893 1061 1950 ob
1083 1894 1142 1952 loci
1160 1895 1262 1957 situm.

159 1991 312 2039 caeterum
341 1980 430 2036 tertie
458 1979 550 2058 paulo
579 1977 733 2038 obscurior
762 1987 822 2052 est,
853 1997 963 2057 nempe
985 1973 1031 2040 ὅτι
1052 1973 1164 2058 βλάχον
1183 1974 1265 2054 τινάς

158 2065 255 2146 ιιέρμα
275 2056 317 2140 ἦν
337 2063 445 2141 έκεῖνο,
466 2063 603 2138 honest,
625 2073 659 2121 ut
679 2081 735 2141 ego
753 2065 946 2141 interpretor,
968 2063 1005 2122 ob
1024 2064 1145 2122 caedem
1163 2067 1266 2122 cnius-

159 2153 233 2210 dam
257 2149 415 2210 Walaehi.
457 2159 564 2230 quarta
585 2147 676 2208 huius
697 2151 757 2208 loci
778 2150 979 2228 etymologia,
1004 2148 1087 2230 quod
1102 2170 1119 2207 e
1134 2150 1267 2232 quodem
1389 2201 1390 2216 ,

158 2237 203 2296 ibi
223 2245 367 2314 regnante
386 2255 498 2292 nomen
520 2234 646 2313 adeptus
668 2236 723 2308 sit,
745 2234 842 2292 futilis
862 2243 907 2292 est
927 2245 957 2292 et
977 2237 1090 2294 nullius
1109 2239 1265 2312 momenti,
1389 2225 1390 2310 i

157 2321 230 2380 iicet
251 2339 319 2378 eum
339 2320 422 2378 velut
442 2339 482 2378 ex
501 2321 646 2399 Dionysio
664 2321 810 2398 Byzantio
828 2331 1003 2401 excerptam
1020 2319 1145 2403 quidum
1163 2332 1266 2382 osten-

157 2407 385 2570 ιωποράέέέῐωά.
406 2489 438 2552 3.
480 2483 537 2568 τήν
568 2483 658 2570 αἰγέαν
688 2483 798 2572 σορόν]
831 2487 903 2548 ride
934 2487 1132 2569 Nicephorum
1166 2490 1267 2549 Galli-

158 2585 239 2635 stum
260 2576 300 2638 15
327 2571 370 2636 24
399 2583 428 2631 et
449 2571 684 2654 Metephrestem
705 2575 742 2632 de
761 2577 930 2634 inventione
949 2579 1035 2635 vectis
1050 2576 1091 2632 B.
1112 2576 1266 2655 Verginio.

159 2671 222 2720 erut
244 2671 346 2718 eutem
366 2657 432 2730 huc
445 2662 594 2739 templum
614 2662 647 2718 iu
667 2661 809 2720 suburbio
831 2660 1014 2720 Blachernis.
1056 2679 1146 2742 quare
1168 2665 1267 2722 etium
1389 2699 1390 2710 ι

157 2767 213 2828 per
239 2747 294 2804 illu
319 2746 412 2804 verbe
433 2765 510 2826 quoe
530 2747 622 2826 poulo
642 2757 712 2826 post
732 2747 901 2824 subiungit,
932 2739 1020 2820 οὗτος
1042 2745 1136 2809 terroe
1155 2747 1209 2810 καὶ
1231 2746 1266 2814 cri

159 2838 273 2912 λοῦμα,
294 2831 529 2910 intelligendum
550 2852 615 2892 esse
637 2843 710 2912 puto
731 2827 765 2894 ri
777 2835 874 2913 λοῦμα
888 2836 950 2894 τοῖν
966 2837 1157 2916 Βλαχερνοῑν,
1180 2837 1266 2895 cuius

157 2920 298 2978 meminit
318 2939 349 2997 p.
371 2920 411 2983 51
432 2938 462 2980 v.
487 2919 528 2982 10
549 2929 579 2976 et
601 2938 631 2996 p.
654 2919 714 2982 128
736 2937 766 2980 v.
789 2919 818 2980 1.
860 2919 964 2978 Ltus.

243 3025 273 3083 P·
295 3003 336 3066 96
358 3023 386 3062 V·
409 3005 459 3065 10·
502 2997 780 3085 Χρυσοβάλανδον]
813 3002 981 3062 secundum
1008 2999 1118 3062 Codini
1147 3015 1266 3085 etymo-
1389 3029 1390 3036 ι

157 3089 272 3164 logium
300 3081 547 3169 χρυσοβάλανδον
573 3109 591 3146 e
619 3091 711 3167 vulgo
734 3099 870 3168 corrupte
891 3093 1082 3148 nominatum
1102 3090 1197 3150 fuisse
1218 3093 1266 3150 vi·

157 3260 263 3318 nrm.

159 3172 247 3232 detur
274 3170 325 3232 hio
351 3175 457 3262 locus,
485 3195 555 3234 cum
583 3176 749 3257 antiquitus
777 3177 978 3255 appellaretur
999 3171 1264 3260 χρυσοβαλάντιον.

243 3363 274 3422 p.
294 3343 336 3406 97
356 3363 386 3402 v.
407 3345 438 3408 3.
480 3338 518 3406 τά
547 3338 698 3424 Λιβάὸια]
737 3344 857 3406 ridetur
885 3344 945 3406 hoc
973 3347 1190 3405 monesterium
1219 3346 1265 3404 ite
1389 3401 1390 3420 p

159 3430 403 3508 cognominatum
433 3429 542 3506 fuisse,
578 3429 661 3510 quod
693 3433 786 3492 situm
817 3443 896 3492 esset
926 3435 961 3491 in
991 3435 1059 3492 loco
1091 3431 1264 3490 suburbano
1389 3429 1390 3444 ¹

156 3515 300 3596 Gpoleos,
324 3517 376 3594 qui
396 3511 535 3595 λιβάδιον
555 3535 610 3574 seu
625 3528 752 3594 pratum
771 3520 989 3599 appellabatur.
1032 3521 1137 3578 Lentu.

240 3620 270 3679 p·
293 3600 335 3663 97
359 3619 388 3659 r.
410 3603 460 3664 11.
504 3602 548 3678 εἰς
575 3597 610 3663 sti
637 3596 799 3684 λεγόμενον
826 3601 995 3688 Δεύτερον]
1029 3603 1089 3664 hoc
1113 3605 1265 3682 templum
1389 3599 1390 3660 3

157 3685 194 3744 ub
225 3686 392 3745 lustinieno
421 3705 532 3765 magno
562 3698 750 3748 exstructum
778 3690 871 3750 fuisse
892 3701 1020 3750 testatur
1042 3691 1206 3768 Procopius
1228 3687 1265 3746 de

82 3824 85 3828 .
155 3770 303 3846 aedificiis
325 3773 342 3833 1
365 3792 395 3850 p.
418 3773 479 3837 183
513 3775 551 3838 13
578 3775 673 3839 Boun.
714 3773 797 3834 unde
818 3787 901 3856 petet
920 3779 1023 3836 locum
1042 3776 1126 3834 urbis
1145 3793 1267 3833 nuncu·
1389 3775 1390 3782 ’

155 3868 262 3934 putum
284 3851 434 3935 Δεάτερον
455 3860 518 3916 sire
539 3860 703 3916 secundnm
723 3881 784 3920 non
807 3863 845 3922 ob
867 3872 1076 3943 recuperatum
1103 3861 1266 3920 iustiniani
1389 3903 1390 3956 ρ

155 3940 341 4002 Rhinotmeti
362 3944 523 4020 imperium
542 3945 584 4002 ite
605 3947 794 4006 nominatum
814 3949 923 4023 fuisse,
949 3959 984 4008 ut
1004 3945 1096 4006 trudit
1118 3945 1264 4022 eodinus,

155 4025 211 4086 sed
231 4027 349 4109 pridem
369 4037 457 4084 antea
477 4040 710 4106 cognomentum
730 4033 808 4092 illud
828 4033 978 4095 habuisse.
1021 4036 1124 4098 nim.

241 4135 273 4194 p·
293 4115 334 4176 97
357 4131 387 4171 v.
408 4113 460 4172 22.
502 4107 560 4191 τήν
580 4113 712 4179 παλαιάν
731 4118 920 4200 καλουμένην
940 4117 1071 4204 πόρπαν]
1105 4115 1143 4176 de
1175 4124 1266 4196 porte
1389 4141 1390 4200 ρ

156 4192 239 4253 urbis
271 4199 427 4257 nominare
456 4197 583 4277 antiqua
612 4201 748 4279 pluribus
779 4224 810 4284 p·
842 4207 905 4270 122
936 4225 966 4270 r.
997 4203 1017 4266 9
1046 4222 1117 4286 sqq.
1151 4205 1265 4283 egitur.
1389 4217 1390 4254 i

156 4271 257 4335 nmo
