2814 4608
465 247 521 312 AD
550 240 749 312 conuiuii
772 243 928 312 NOTAE.
1175 245 1251 318 269

145 427 324 503 σταντιαυοίς
352 431 413 490 τῶν
442 423 536 533 υίγίων
564 419 593 504 μ’
620 417 819 498 Ἀναστοίσιος
838 423 891 486 καλ
911 417 1097 531 Ἀριόόνχ’
1075 419 1251 511 ανήγειρυν.

146 515 220 621 μετοί
250 514 284 580 δὲ
312 509 344 576 τό
372 513 472 574 ἐλθεῖν
492 507 527 573 τό
546 511 695 591 λείψανον
715 514 771 573 τοῦ
792 507 881 616 όγίου
902 508 1156 616 πρωτομόρτυρος
1176 522 1253 578 Στε-

146 599 250 684 φόνον
283 594 446 700 α’νηγειραγ
478 595 579 680 ἕτερον
607 592 684 658 ναόν
712 591 823 680 μικρόν
849 593 903 658 καὶ
931 593 1130 678 ἐπωνόμασαν
1159 595 1253 666 odedu

145 694 203 752 τοῦ
223 712 260 769 αγ
235 687 311 749 lov
332 679 503 763 Στεφάνου.
546 685 644 742 Lutto.

232 794 261 852 p.
281 774 320 833 92
342 789 372 828 ι.
392 773 421 834 1.
462 764 672 848 Ἀρεοβίνόου]
695 763 746 824 hic
765 762 954 825 Areobindus
975 767 1144 845 praefectus
1163 789 1254 850 prae-

145 861 222 919 torio
253 857 381 916 Orientis
406 865 436 915 et
458 854 579 913 Africae
599 854 675 929 suit,
709 862 739 910 et
759 853 930 912 Proiectam
950 855 1110 914 Iustiniani
1130 866 1254 936 neptem

146 964 274 1004 uxorem
296 941 413 1003 habuit.
455 942 554 998 Lasso.

229 1050 260 1130 Ρ
283 1031 324 1090 92
349 1046 378 1084 v.
401 1027 452 1088 12
491 1018 673 1128 Ἀρμυτίου]
703 1021 858 1101 tripliciter
884 1019 943 1081 hoc
968 1042 1081 1082 nomen
1108 1026 1255 1107 scriptum

145 1117 265 1189 inveni,
288 1132 398 1190 nempe
421 1107 569 1214 ολρματίου
592 1102 739 1188 όρματίου
762 1118 792 1166 et
814 1102 957 1188 α’ρμότον.
1001 1113 1097 1170 Lanu.

230 1220 261 1278 Ρ.
281 1200 324 1260 92
345 1217 373 1256 v.
394 1195 445 1259 15.
489 1189 687 1276 ἀνερχόμενος
707 1189 758 1254 τόν
780 1194 919 1273 κοχλίαν]
945 1191 1019 1254 adeo
1038 1199 1173 1256 vicinum
1193 1207 1256 1258 erat

145 1287 294 1365 palatium
314 1283 540 1362 imperatorium
561 1279 785 1359 Hippodromo,
818 1289 853 1337 ut
874 1299 914 1337 ex
935 1281 1078 1358 palatio'
1069 1303 1102 1340 ιιι
1123 1284 1256 1344 tribunal

146 1368 347 1450 Hippodromi
377 1387 432 1446 per
463 1369 576 1425 scalam
609 1363 778 1424 cochlidem
808 1365 1033 1441 ascenderetur,
1067 1379 1100 1426 ut
1129 1379 1256 1428 testatur

147 1455 289 1514 Chronici
311 1451 511 1512 Alexandrini
531 1461 648 1511 auctor:
675 1450 727 1513 καί
747 1447 908 1526 παλοίτιον,
932 1454 1046 1555 inquit,
1071 1451 1144 1556 μίγα
1164 1451 1256 1534 ποιή-

148 1559 202 1614 σας
222 1541 352 1643 πλησίον
373 1543 430 1601 τοῦ
452 1533 549 1601 αῦτοῦ
571 1539 713 1610 ἱππικοῦ,
740 1535 793 1598 καλ
814 1531 970 1599 όίυοόον’
950 1534 1013 1600 από
1033 1543 1088 1599 τοῦ
1109 1541 1255 1601 πυλατίον

145 1627 191 1699 είς
220 1621 255 1688 τό
282 1619 421 1703 κόθεσμα
448 1629 504 1686 τοῦ
533 1624 661 1685 ἱππικοῦ
687 1617 737 1684 decl
764 1644 817 1684 του
842 1619 1004 1703 λεγομένου
1033 1627 1164 1704 κοχλίου.
1217 1625 1255 1683 de

146 1709 204 1770 hac
232 1713 314 1770 scala
341 1709 478 1770 cochlide
507 1709 677 1816 loquitur
668 1727 701 1765 ιιι
729 1711 898 1786 praesentia
925 1707 1058 1768 Codinus
1087 1719 1117 1767 et
1143 1731 1171 1788 p
1194 1712 1256 1772 112

146 1798 257 1871 v.10,
291 1797 344 1855 ubi
374 1816 442 1854 eam
468 1807 555 1856 vocat
576 1790 627 1857 τόν
649 1789 802 1857 σκοτεινόν
822 1795 954 1872 κοχλίαν.
996 1797 1039 1852 ita
1061 1797 1143 1854 enim
1164 1793 1257 1852 undi-

147 1903 206 1963 que
236 1893 314 1941 tecta
340 1892 419 1958 erat,
447 1901 487 1940 ne
508 1890 696 1940 transeuntes
717 1880 791 1938 foris
812 1881 1064 1982 conspicerentur.
1108 1879 1258 1940 eiusmodi

145 1970 289 2028 transitus
324 1977 418 2026 tectos
455 1978 485 2025 et
522 1977 652 2026 secretos
688 1963 866 2023 Codinus
857 1986 889 2023 ιιι
924 1966 1001 2023 libro
1038 1963 1075 2022 de
1108 1975 1258 2025 structure

146 2054 180 2112 S.
202 2052 335 2132 Sophiae
357 2053 491 2132 appellat
512 2045 672 2132 cicumeat?
693 2044 853 2114 σκεπαστό.
898 2048 935 2107 de
959 2051 1103 2109 tribunali
1123 2052 1257 2110 Circensi

144 2141 352 2216 imperatoris,
375 2136 457 2218 quod
476 2133 616 2218 κάθισμα
636 2146 666 2194 et
687 2130 784 2215 στόμα
803 2131 957 2218 βασιλικόν
975 2160 1031 2200 του
1018 2136 1257 2219 ἱπποδρομίου

146 2226 254 2282 Graeci
274 2234 467 2304 nuncupant,
490 2225 563 2282 alias
585 2224 657 2282 satis
679 2223 792 2280 notavi.
835 2223 932 2285 Leuc.

231 2331 261 2388 Ρ.
284 2312 326 2373 93
347 2330 376 2370 v.
399 2312 448 2374 11.
493 2307 634 2390 Ζευγμα]
657 2327 733 2386 quae
755 2305 805 2364 hic
827 2305 968 2366 dicuntur
989 2305 1026 2366 de
1047 2306 1115 2366 loco
1136 2325 1256 2365 nuncu—

146 2405 216 2474 pato
241 2397 406 2475 Zeugmate
437 2404 468 2452 et
495 2396 689 2453 translatione
710 2394 908 2472 reliquiarum
930 2393 963 2452 S.
983 2391 1131 2472 Stephani
1152 2403 1256 2471 proto-

145 2483 300 2560 martyris,
330 2480 484 2540 confirmat
503 2483 624 2540 Nicetes
643 2476 776 2537 rhetor
767 2499 800 2536 ru
821 2476 966 2537 hactenus
985 2479 1100 2537 inedita
1120 2480 1255 2536 oratione

146 2564 184 2624 de
206 2569 345 2644 passione
368 2567 399 2628 S.
421 2563 570 2644 Stephani
589 2577 619 2624 et
635 2565 766 2642 corporis
783 2584 847 2623 erus
858 2566 1050 2638 inventione
1076 2563 1123 2623 his
1138 2565 1255 2624 verbis·

145 2655 342 2755 προλαβοῦσα
369 2651 488 2725 τοίνυν,
519 2652 634 2729 inquit,
665 2643 813 2750 Ἰουλιυνὴ
840 2649 892 2710 καὶ
909 2645 1126 2753 ὃιαττερόσασα
1147 2653 1257 2712 τοῦτον

148 2737 192 2807 είς
220 2731 253 2795 τό
280 2729 491 2835 ἐπιλεγόμενον
505 2738 692 2840 σταυρείογ,
725 2728 803 2794 ὅθεν
825 2730 864 2812 δη
883 2730 937 2806 τὰς
958 2731 1105 2814 ημιόνους
1124 2731 1258 2807 deutet-

148 2822 251 2895 ξαντες
270 2822 314 2902 τῷ
336 2813 445 2898 όρματι
465 2815 518 2878 καὶ
535 2814 593 2898 τήν
604 2815 703 2920 οίγίαν
721 2811 803 2878 ου’τω
792 2816 999 2926 ἔπεθίμενρι
1017 2815 1105 2898 σορόν
1121 2815 1257 2898 ἤλαυνον

149 2903 191 2978 τίς
218 2901 268 2966 ἐπὶ
296 2899 333 2964 τοί
363 2904 509 2983 βασίλεια.
555 2897 648 2987 ταότχ
675 2925 721 2964 τοι
745 2879 797 2964 καί
819 2905 929 2984 ζεῦγμα
949 2905 1002 2966 τόν
1023 2899 1118 2966 τόπον
1139 2902 1257 2965 ἐκεῖνον

148 2989 266 3088 ἔρυσαν
286 2982 533 3098 κατωνρμόσθαι.
577 2999 607 3046 et
627 2989 720 3068 paulo
742 2998 824 3067 post:
854 2985 965 3095 ἤγοντο
987 2985 1077 3052 δὲ
1040 3013 1077 3050 τα
1099 2991 1161 3063 §cic
1183 3008 1256 3051 συν-

148 3071 262 3150 τόνως,
284 3073 341 3148 ecoe
363 3075 406 3148 εἰς
424 3069 519 3179 τόπογ
539 3066 642 3156 ἦλθον
658 3071 915 3149 Κωνσταντιανόις
930 3069 1159 3178 ὀνομαζόμενον.
1194 3073 1260 3137 ἐκεῖ

149 3159 183 3224 δὲ
212 3153 372 3266 γενόμεναι
399 3155 497 3222 καί
480 3155 580 3243 υίσπερ
607 3158 668 3223 τινί
695 3161 796 3246 δεσμοί
817 3162 925 3241 βιαίοις
945 3155 1146 3245 πραττόμενοι
1167 3182 1258 3240 μετα·

149 3247 267 3327 βαίνειν
297 3240 354 3309 οῦκ
383 3245 497 3326 ίσχυον.
538 3267 594 3327 per
620 3241 674 3320 τοὶς
702 3244 955 3321 Κωνσταντιανας
982 3245 1118 3306 thermae
1139 3247 1257 3306 intelli-

149 3343 261 3411 guntur
291 3333 533 3394 constantianae.
576 3351 734 3412 perperam
761 3333 853 3408 igitur
879 3335 913 3390 in
940 3353 1001 3392 uno
1026 3331 1090 3393 cod.
1114 3335 1180 3393 Vat.
1201 3351 1256 3411 pro

150 3417 232 3498 μέχρι
251 3441 315 3478 τιον
335 3421 595 3480 Κωνσταντιανῦν
615 3419 726 3497 legitur
747 3415 831 3500 μέχρι
849 3422 903 3500 τῆς
922 3419 1143 3493 Κωνσταυτίας.
1185 3415 1256 3478 vide

149 3502 352 3583 Nicephorum
373 3505 532 3562 Callistum
554 3501 594 3566 14
627 3505 658 3564 9.
701 3506 799 3564 Iam.

234 3611 266 3668 p·
295 3588 337 3652 94
368 3609 398 3649 r.
429 3590 479 3653 19.
521 3583 681 3670 Ἀρκαδίαν
715 3594 772 3652 τοῦ
807 3586 967 3669 βασιλέως]
1008 3589 1145 3671 quamvis
1180 3583 1256 3644 haec

149 3675 301 3734 unanimis
328 3677 368 3734 sit
394 3677 529 3734 omnium
551 3677 729 3754 scriptorum
749 3673 888 3736 codicum
907 3676 1014 3752 lectio,
1041 3685 1175 3734 attamen
1197 3671 1257 3731 du·

148 3760 234 3819 bium
253 3781 317 3820 non
339 3772 385 3820 est
407 3763 479 3842 quin
500 3761 664 3838 legendum
686 3764 725 3821 sit
746 3762 909 3825 Θεοδοσίου
926 3765 983 3824 τοῦ
998 3759 1072 3824 victi
1089 3755 1256 3838 Ἀρκαόίου.

149 3843 200 3904 hic
228 3849 312 3906 enim
341 3859 387 3907 est
415 3845 581 3906 Antiochus
607 3849 700 3908 Persa
721 3857 751 3906 et
772 3845 946 3923 eunuchus,
976 3866 1067 3929 quem
1087 3842 1256 3923 Isdigerdes

150 3933 312 3991 Persarum
341 3953 398 3994 rex
426 3945 494 4014 post
520 3943 650 3992 mortem
670 3931 793 3992 Arcadii
812 3932 987 3993 Theodosio
1005 3933 1116 3992 iuniori
1137 3938 1256 3989 curato-

151 4036 217 4074 rem
245 4019 399 4096 submisit,
431 4031 466 4079 ut
494 4029 641 4079 testantur
670 4041 732 4082 uno
760 4039 812 4080 ore
838 4023 970 4080 Zonaras
994 4017 1144 4078 cedrenus
1166 4016 1257 4074 Nice-

149 4099 264 4181 phorus
295 4115 325 4162 et
354 4108 464 4166 caeteri
490 4107 659 4187 scriptores.
703 4104 825 4166 eosdem
845 4125 916 4166 vero
937 4125 1014 4187 quos
1034 4106 1067 4162 in
1087 4101 1258 4206 praesentia

150 4186 301 4265 cedinus,
329 4193 420 4252 etiam
440 4191 594 4254 Gedrenuc
616 4190 765 4254 Antiocho
786 4194 890 4254 titulos
913 4193 1031 4252 tribuit:
1062 4192 1106 4250 τῦ
1126 4182 1168 4259 λς’
1190 4185 1258 4262 teet,

149 4273 267 4357 inquit,
295 4270 458 4354 Θεοδόσιος
484 4278 502 4344 ό
522 4275 664 4363 βασιλεῦς
682 4272 836 4362 Ἀντίοχον
856 4271 1057 4363 πραιπόσιτον
1077 4251 1130 4337 καί
1150 4269 1258 4357 πατρί-
