2814 4608
186 191 260 262 242
496 181 673 252 MEURSil
698 182 756 248 ET
782 179 984 248 Ltnssucn

186 371 364 450 scriptione:
399 363 618 448 Κωνσταντίνμ
642 358 792 444 λάμποντι
812 359 902 444 ἡλίου
923 361 1024 440 δίκην.
1068 359 1305 438 inscriptionem

188 457 268 516 hanc
289 453 408 534 repperi
428 449 510 532 apud
529 461 665 510 veterem
682 445 954 528 Chronograpbum
968 467 1017 506 ms
1031 445 1111 510 Bibl.
1123 447 1201 524 neg.
1214 449 1305 506 cuius

187 542 265 602 haec
284 541 376 601 verba
396 548 480 613 sunt,
502 536 555 595 ubi
575 538 637 614 agit
658 533 696 596 de
715 533 911 594 Constantino
929 550 1057 611 magno:
1079 531 1170 606 κτίζει
1189 527 1225 593 δὲ
1243 531 1305 612 τὴν

188 624 279 692 πάλιν
299 619 361 688 άπδ
383 620 439 706 μὲν
460 625 515 703 eric
535 619 679 695 ἐλεύσεως
702 615 799 682 ciceri
819 623 873 700 τῆς
890 614 966 700 πρὸς
982 614 1016 680 τδ
1034 613 1200 694 Βυζάντιον
1220 618 1306 680 elno-

188 709 262 776 στδν
282 714 402 794 πρῶτον
424 707 505 784 ἔτος,
524 701 586 770 άπδ
603 703 637 769 δὲ
651 711 705 787 τῆς
720 701 815 787 άρχὴς
830 709 884 785 τῆς
899 705 1051 785 βασιλείας
1067 697 1163 766 αὐτοῦ
1180 701 1232 782 ἔτη
1247 701 1306 778 κε’,

188 794 250 862 άπδ
272 794 305 860 δὲ
324 791 420 875 ’Λδάμ
442 793 506 864 icoc
526 784 568 872 ἡν
589 791 692 876 ,calist
735 792 880 855 ἐντεῦθεν
901 781 997 870 ἡλθεν
1020 789 1064 864 εἰς
1082 785 1115 852 cb
1134 785 1308 862 Βυζάντιον

188 877 352 963 άναλαβῶν
377 877 430 986 καί
451 875 529 982 roric
544 875 652 986 άγίρυς
671 875 724 982 ἡαλ
744 877 888 982 ἐμφανεῖς
908 875 1038 979 πατέρας
1049 871 1134 1022 (ρτρδς
1155 871 1305 1021 τδδρεάλο-

188 977 626 1118 λλλλῖ“’.λ“λ..ῗλλῗ”ἶλ”
639 971 795 1121 iiiiii
810 961 959 1128 iiiii,
980 979 1227 1126 illiriliffii
1239 987 1305 1110 'ii

191 1135 307 1222 φόρον,
339 1137 372 1200 ἐν
403 1127 428 1222 ci
456 1137 547 1198 πίονα
576 1127 745 1215 μονόλιθον
773 1132 826 1196 καί
853 1127 1065 1214 ὁλοπόρφυρον
1094 1131 1234 1210 ἔστησεν,
1270 1133 1304 1194 ἐν

188 1223 301 1306 Ῥάμης
321 1214 459 1306 ἀγωγῶν,
481 1215 610 1302 ἐκδήσας
630 1213 723 1282 αάτδν
747 1215 798 1282 διά
815 1218 935 1298 χαλκῶν
956 1221 1060 1291 ζωνῶν
1077 1216 1303 1300 γεγραμμένων.

192 1307 335 1392 ἱδρύσατο
367 1305 400 1370 δὲ
427 1303 529 1370 ἐπάνω
557 1300 653 1368 αάτοῦ
679 1299 843 1385 άνδριάντα
870 1299 920 1366 ἐπ’
942 1298 1068 1383 ὀνόματι
1089 1299 1202 1378 αὐτοῦ,
1234 1303 1304 1366 ε’πι-

191 1392 314 1476 γράψαρ
334 1390 385 1456 διά
407 1389 461 1466 τάς
481 1392 514 1454 ίν
534 1379 620 1476 crispi
641 1385 778 1464 clericare·
801 1391 1023 1473 Κωνστανιίνρι
1045 1386 1195 1468 λάμποντι
1213 1387 1303 1468 ἡλίου

192 1482 292 1560 δίκην.
335 1475 370 1554 ile
389 1469 431 1558 ἡν
452 1473 508 1558 μὲν
530 1475 617 1558 ἔργον
643 1478 784 1551 Φειδίου,
805 1472 890 1556 ἤχθη
912 1473 946 1538 δὲ
967 1475 997 1549 ἐξ
1017 1467 1170 1554 Ἀθηνῶν.
1213 1477 1303 1534 resti-

192 1563 305 1624 tuenda
332 1583 402 1642 ergo
429 1574 475 1622 est
495 1561 571 1620 baec
591 1563 745 1642 inscriptio
766 1561 916 1637 cedreno,
947 1559 1029 1639 apud
1050 1580 1143 1641 quern
1164 1571 1304 1640 corrupte

192 1655 317 1731 legitur:
350 1650 384 1712 ἐν
413 1641 439 1733 pl
467 1647 627 1730 γέγραπται
656 1653 886 1720 Κωνσταντῖνος
914 1645 1050 1726 ἔλαμψεν
1077 1644 1166 1727 ἡλίου
1193 1649 1302 1726 δίκην·

191 1734 229 1811 ὃς
248 1729 291 1816 ἡν
312 1731 367 1815 μὲν
388 1745 445 1792 etc.
488 1731 682 1811 corrigendus
704 1733 795 1792 etiem
816 1731 963 1808 Zonaras,
992 1733 1047 1790 ubi
1068 1729 1106 1790 de
1125 1731 1182 1791 hac
1201 1743 1304 1792 statua

192 1824 343 1904 loquitur:
374 1817 488 1900 λέγεται
515 1815 549 1884 δὲ
575 1818 629 1882 καλ
654 1811 844 1892 ’Λπόλλωνος
873 1812 951 1880 εἶναι
979 1812 1093 1898 στὴλην
1117 1813 1147 1880 τδ
1169 1814 1304 1899 άγαλμα,

193 1907 245 1971 orci
276 1909 492 1988 μετενεχθῆναι
521 1899 583 1968 άπά
613 1907 668 1982 τῆς
698 1903 731 1968 δν
759 1909 798 1990 τῇ
831 1903 950 1988 Φρυγίᾳ
978 1899 1096 1978 πόλεως
1122 1907 1174 1966 τοῦ
1197 1901 1304 1982 ἡλίου.

196 1994 292 2054 scriba
325 1983 386 2054 άπδ
416 1993 471 2070 sris·
499 1989 533 2054 ἕν
561 1993 601 2072 τῇ
631 1990 750 2074 Φρυγίᾳ
777 1985 894 2062 πόλεως
921 1991 978 2052 τοῦ
1003 1987 1102 2070 ἡλίου.
1143 1991 1187 2048 ita
1203 1991 1304 2048 lulius

193 2081 308 2140 Pollux
336 2079 370 2136 in
399 2095 490 2156 supra
519 2075 609 2135 citato
636 2075 805 2152 fregmento
830 2073 983 2134 Chronici.
1025 2086 1099 2156 puto
1120 2085 1223 2134 eutem
1242 2085 1305 2134 sta-

193 2176 263 2222 tuae
291 2163 375 2220 illius
404 2163 511 2221 solaris
540 2163 699 2241 exemplar
727 2181 792 2220 essa
818 2163 1003 2238 imaginem,
1034 2180 1113 2241 quae
1138 2163 1248 2221 visitur
1273 2163 1304 2218 in

194 2245 328 2328 quodam
355 2247 544 2304 Constantini
571 2249 677 2324 magni
703 2265 846 2326 nummo,
877 2247 966 2308 vultu
999 2244 1166 2328 dextraque
1199 2267 1304 2307 versus

194 2334 314 2392 caelum
332 2333 497 2410 porrectis,
529 2340 647 2409 septem
667 2333 701 2388 in
722 2335 819 2412 capite
841 2330 941 2393 radios
962 2352 1084 2414 gerens,
1115 2342 1205 2414 atque
1228 2335 1305 2391 sini-

193 2429 255 2477 stra
292 2435 386 2476 manu
422 2415 564 2496 globum,
603 2433 675 2476 cum
709 2418 904 2498 inscriptione
945 2417 1072 2477 Claritas
1103 2417 1304 2496 respublicae.

192 2507 295 2562 boun.

278 2583 422 2666 p·41r.
447 2582 499 2647 14.
541 2580 682 2668 ιιιονάρια
710 2579 808 2665 δεινῶ]
840 2587 938 2647 scribe
963 2577 1115 2668 cccccccccc
1140 2585 1309 2668 περιφέρει

193 2673 312 2746 ταῶνας
345 2668 396 2733 sal
433 2665 524 2733 cirrosi
551 2668 604 2734 ιιαλ
634 2670 755 2747 λέοντος
786 2666 908 2754 λαμῶου
938 2695 968 2736 τε
996 2671 1047 2736 παλ
1070 2675 1164 2754 κριῶν
1193 2667 1307 2752 τιάρας.

192 2758 252 2818 fuit
274 2767 372 2817 statua
391 2765 533 2831 naturae,
563 2776 640 2837 quae
668 2760 835 2818 innumeris
855 2761 999 2818 mammis
1022 2768 1052 2816 et
1072 2759 1306 2838 omnigenorum

194 2845 374 2904 annualium
405 2844 551 2922 capitibus
584 2843 767 2904 circumdata
796 2845 949 2922 figuratur.
993 2842 1063 2904 ride
1094 2864 1171 2928 quae
1200 2847 1306 2904 notari

194 2930 234 2990 ed
255 2930 400 3008 anonymi
418 2929 609 2988 collectanea
631 2929 699 3008 περὶ
719 2927 892 3010 θεαμάτων.
934 2933 1038 2990 boun.

279 3037 309 3092 p.
332 3013 373 3076 41
393 3034 423 3079 v,
445 3016 497 3077 20.
542 3012 694 3094 Γαληνός]
725 3015 861 3075 diversus
891 3014 942 3074 hic
971 3027 1017 3075 est
1045 3037 1063 3074 a
1091 3016 1223 3089 Gelono,
1253 3017 1304 3095 qui

194 3099 252 3158 sub
278 3101 380 3158 Marco
405 3097 571 3158 Commodo
593 3110 622 3158 et
643 3101 798 3160 Pertinace
819 3103 1051 3182 imperatoribus
1073 3103 1161 3164 vixit.
1201 3103 1303 3159 Lanu.

278 3205 309 3263 p.
333 3181 375 3247 42
397 3203 425 3248 v,
448 3182 477 3248 4.
521 3179 558 3247 τά
581 3183 724 3264 μέλλοντα
743 3185 939 3268 συμβαίνειν]
961 3207 1072 3267 nempe
1089 3185 1171 3268 quod
1184 3189 1302 3258 Verisa,

194 3269 316 3326 Zenone
338 3279 448 3348 genero
469 3271 589 3348 fugato,
620 3271 744 3332 fratrem
769 3290 859 3334 suum
879 3275 1062 3334 Basiliscum
1083 3271 1123 3332 ad
1142 3274 1303 3352 imperium

194 3365 369 3432 promoturo
391 3364 477 3415 esset.
520 3357 622 3416 Istron.

278 3459 308 3518 p.
329 3437 372 3502 42
392 3460 421 3507 τ.
443 3441 588 3504 16—18.
633 3439 711 3504 ἔνθα
737 3440 809 3518 roric
834 3437 896 3507 άπδ
925 3447 987 3507 τῶν
1013 3443 1118 3507 ἐθνῶν
1144 3477 1188 3489 -
1211 3436 1304 3505 Ἀλω-

195 3522 324 3604 νίτζιον]
349 3523 424 3586 haec
444 3526 535 3586 verba
554 3529 598 3586 ita
618 3528 843 3610 transponenda
865 3539 951 3589 sunt:
977 3529 1055 3592 ἔνθα
1076 3522 1184 3611 πρῶὴν
1204 3522 1304 3588 παλά-

194 3629 260 3670 τιον
288 3609 404 3691 ὑπῆρχε
428 3610 480 3674 καλ
509 3615 697 3693 ξενοδοχεῖου
717 3619 778 3678 τῶν
797 3613 968 3696 Ῥωμαίων,
996 3614 1049 3678 καλ
1070 3611 1143 3690 νοτίς
1164 3607 1304 3676 irrisor

194 3691 297 3756 ἐθνῶν
314 3691 445 3776 ἥκοντας
463 3695 576 3778 ἐδέχετο
596 3697 704 3776 ἐκεῖσε,
727 3696 868 3780 δηλονότι
890 3701 934 3775 είς
954 3695 988 3764 τὸ
1007 3695 1196 3780 καλούμενον
1209 3692 1306 3761 Ἀλω-

195 3779 317 3853 νίτζιον.
357 3776 546 3857 Ἀλωνίτζιον
568 3787 689 3845 Graecis
712 3787 925 3847 recentioribus
948 3785 1058 3848 dicitur
1078 3785 1203 3864 domus,
1233 3786 1305 3863 qui-

195 3865 371 3947 buscunque
391 3869 455 3928 sire
475 3869 625 3950 indigenis
646 3873 711 3932 sire
731 3875 898 3954 peregrinis
920 3874 1041 3952 publice
1063 3871 1181 3932 alendis
1208 3866 1306 3928 desti-

195 3961 277 4009 nata.
335 3952 422 4031 cpoli
452 3948 521 4015 κατ’
552 3951 659 4039 ἕξοχὴν
690 3961 854 4018 vocabatur
883 3951 1074 4034 Ἀλωνίτζιον
1103 3957 1256 4042 palatium
1289 3975 1305 4012 a

194 4035 392 4097 Constantino
426 4055 537 4116 magno
570 4043 604 4098 in
640 4045 762 4121 regione
793 4046 889 4104 Tauri
920 4055 1124 4119 exstructum,
1158 4044 1191 4100 in
1221 4039 1306 4122 quod

193 4135 332 4194 proceres
361 4125 476 4182 Romae
503 4125 645 4204 antiquae
672 4131 791 4208 cpolim
816 4131 972 4190 venientes
1000 4131 1242 4210 recipiebantur,
1274 4137 1307 4185 nt

193 4208 320 4267 testetur
346 4207 480 4269 (lodinus
507 4208 540 4265 in
566 4209 643 4270 libro
673 4213 711 4273 de
738 4215 883 4291 aedificiis
909 4237 940 4296 p.
960 4213 1004 4280 74
1026 4235 1055 4276 τ.
1078 4219 1107 4278 9.
1147 4213 1211 4276 hoo
1238 4215 1306 4274 loco
