2814 4608
180 255 254 329 236
487 253 665 323 MEURSH
689 253 747 321 ET
773 253 976 321 LAMBEGII
1391 249 1395 400 μ

175 435 354 510 Ἱουστλνον,
388 434 502 495 scilicet
533 437 740 516 curopalates,
772 435 823 495 vel
842 443 878 493 nt
897 435 984 516 loqui
1004 441 1087 492 amat
1115 449 1288 514 anonymus
1393 407 1395 528 λ

177 527 211 584 in
232 522 447 596 collectaneis,
472 524 528 585 soti
549 519 621 600 μετα
642 517 695 584 cdo
716 518 855 602 μέγιστον
874 512 1097 583 Ἱουστινιανδν.
1141 521 1241 580 Lana.

262 629 293 688 p.
314 607 356 674 35
377 625 404 666 v,
426 609 477 670 12.
517 599 675 688 Ἀραβίας]
709 607 769 664 fuit
794 603 871 664 haec
896 606 1008 664 Arabia
1030 604 1138 663 Instini
1156 606 1287 666 iunioris

178 705 209 754 at
230 691 360 774 Sophiae
381 691 459 752 filiae
483 693 601 751 Helena
621 712 692 751 vero
713 691 776 750 filia
795 691 855 749 fuit
874 691 1015 750 Baduarii
1034 691 1234 772 Cumpalataa
1255 703 1288 752 at

176 781 322 854 Arabiae,
343 779 442 857 neptis
463 779 572 838 lustini
591 779 727 842 iunioris.
769 777 870 836 Lana.

260 886 291 946 p.
312 862 355 927 35
377 883 406 928 v.
428 863 477 927 18.
520 865 696 946 θεματικοί]
724 860 785 924 hoo
809 874 855 922 est
879 860 1063 946 ἐκαρχεοῖται
1083 879 1139 920 seu
1153 863 1286 940 provin-

175 949 275 1014 ciales.
318 953 421 1009 Latin.

260 1057 292 1117 p.
313 1035 354 1098 35
375 1055 406 1094 v.
426 1033 478 1098 20.
519 1026 660 1098 κιττᾶκια
686 1029 745 1093 hoc
771 1033 839 1093 loco
860 1030 975 1092 libellos
994 1031 1147 1111 supplices
1166 1031 1286 1110 signifi-

176 1132 256 1182 oant.
297 1122 397 1180 Issam.

260 1227 292 1287 p.
311 1207 353 1270 36
373 1226 403 1265 v.
420 1202 453 1268 ὗ.
494 1199 634 1266 κιττοὶκια
655 1196 777 1284 osprand
797 1211 870 1263 sunt
890 1199 988 1259 libelli
1002 1203 1164 1280 supplices:
1190 1203 1284 1282 paulo

176 1293 301 1352 inferius
322 1299 467 1352 vocantur
487 1282 620 1368 διήσεις,
646 1301 678 1350 et
698 1291 723 1347 ii
743 1289 799 1368 qui
815 1287 992 1368 supplicant
1007 1307 1062 1348 seu
1077 1287 1195 1346 libellos
1207 1310 1284 1366 sup·

171 1380 268 1458 plicas
287 1376 419 1458 offerunt
438 1375 471 1440 cl
489 1371 638 1454 δεόμενοι.
676 1379 780 1436 Lana.

262 1483 292 1542 p·
313 1463 356 1526 36
375 1482 404 1524 v.
426 1461 478 1524 18.
519 1453 696 1543 ἀλογίστους
724 1470 813 1522 vocat
840 1458 973 1520 eodinus
1002 1460 1053 1518 vel
1079 1461 1133 1542 qui
1159 1461 1282 1520 omnino

177 1546 364 1610 Christianae
390 1544 463 1606 fidei
488 1543 698 1619 adversantur,
729 1548 780 1608 vel
806 1549 859 1628 qui
885 1544 1071 1606 Christianos
1097 1545 1223 1628 quidem
1248 1567 1282 1605 se

174 1635 366 1714 profitentur,
397 1630 452 1692 sad
482 1651 544 1692 non
574 1631 748 1694 catholicos.
789 1633 832 1692 ita
860 1633 934 1692 alias
959 1630 1018 1692 hoc
1044 1632 1120 1692 libro
1147 1635 1284 1706 Leonem

174 1724 313 1782 lsanrum
332 1715 564 1779 iconomachum
584 1713 745 1799 ἆλόγιστον
763 1728 930 1798 nuncupat.
971 1720 1074 1778 Lana.
1394 1771 1395 1776 ,

258 1826 290 1886 p·
311 1808 352 1869 37
371 1825 404 1864 v.
425 1809 458 1868 2.
499 1800 679 1884 δΣυμεοδν]
709 1805 850 1885 quisnam
878 1813 924 1863 est
952 1800 1004 1862 hio
1031 1805 1158 1884 Symeon
1185 1819 1282 1880 quem
1394 1807 1395 1824 ¹

175 1889 309 1952 (lodinns
339 1899 475 1971 ternpore
501 1887 622 1950 Phocae
648 1891 770 1970 tyranni
795 1890 910 1949 vixisse
937 1887 1003 1947 aitl
1046 1889 1107 1947 scio
1135 1885 1279 1966 equidem

174 1977 267 2038 fuisse
302 1975 377 2038 duos
412 1977 579 2055 Symeones
615 1977 749 2056 stylites,
786 1993 916 2056 quounn
946 1976 1064 2054 primus
1094 1972 1279 2051 temporibus

174 2057 1282 2228 {tillidi}'2¹5¹'ss0lp1l53¹¹¹tltilllltlillll}

176 2252 290 2292 annum
316 2230 529 2292 duodecimum
555 2235 694 2294 Mauriaii
714 2233 902 2314 imperatoris
922 2233 1017 2291 vitam
1035 2231 1148 2305 finivit,
1179 2240 1213 2288 ut
1233 2239 1283 2288 te-

175 2327 293 2376 stantur
319 2317 466 2394 Euagrius
494 2313 516 2378 4
547 2319 590 2382 22
621 2328 652 2374 et
675 2317 863 2398 Nicephorus
890 2317 1032 2376 Callistus
1058 2319 1097 2380 18
1131 2312 1183 2380 24.
1226 2313 1283 2374 sed

176 2422 246 2462 cum
275 2411 402 2482 uterque
433 2411 503 2460 ante
533 2397 655 2460 Phocae
684 2405 846 2483 imperium
875 2405 1001 2480 vixerit,
1034 2399 1112 2459 nihil
1144 2399 1184 2457 ad
1215 2421 1284 2459 rem

173 2498 364 2568 praesentem
390 2487 514 2548 faciunt.
556 2487 590 2544 in
613 2485 680 2548 cod.
699 2490 768 2548 Vat.
789 2509 844 2569 pro
865 2485 883 2554 ὁ
902 2481 1029 2570 Συμεών
1048 2487 1159 2564 legitur
1179 2482 1201 2548 ὅ
1221 2491 1284 2548 Σι-

173 2568 269 2636 uado:
291 2591 384 2653 quare
404 2567 597 2630 scribendum
619 2592 727 2632 censeo
747 2566 810 2638 τότε
831 2569 865 2636 δὲ
884 2565 926 2656 ἦν
942 2571 961 2638 o‘
975 2567 1162 2657 Συκεοδτηςδ
1177 2563 1282 2649 ὅσιος,

172 2659 224 2718 vel
244 2656 326 2740 quod
345 2655 433 2723 idem.
446 2658 545 2734 valet,
565 2649 633 2722 τότε
654 2655 688 2720 δὲ
707 2651 749 2740 ἦν
766 2656 785 2721 δ
802 2653 885 2736 ὅσιος
906 2653 1058 2740 Θεόδωρος
1071 2654 1089 2720 δ
1104 2649 1282 2736 Συκειδτης.
1393 2687 1394 2714 ;

172 2745 216 2802 ita
235 2763 307 2804 vero
328 2741 553 2804 amandandum
573 2764 638 2804 asse
657 2741 740 2803 hunc
759 2745 861 2804 locum
881 2756 966 2826 patet
987 2765 1027 2804 ex
1047 2743 1189 2822 anonymi
1205 2742 1283 2801 cor-

172 2831 317 2890 lectaneis
348 2827 512 2905 chronicis,
544 2829 625 2888 unde
656 2829 801 2912 quicquid
832 2829 891 2892 hoc
919 2833 987 2892 loco
1016 2828 1148 2889 cedinus
1177 2839 1282 2886 narrat

174 2915 213 2974 de
244 2927 343 2976 statua
371 2913 491 2974 Phocea
523 2925 553 2974 et
583 2916 616 2976 S.
645 2914 808 2978 Theodoro
839 2917 967 2978 Sceota
999 2915 1193 2994 desumptum
1222 2923 1279 2975 ast.

172 2999 196 3080 of
216 2999 325 3081 στήλη,
345 3001 460 3080 inquit,
481 2998 504 3081 η’
523 2995 653 3063 latonae
673 3005 728 3082 τῆς
747 3025 936 3086 μαγναυρας,
957 2997 1034 3065 κατὰ
1050 2995 1086 3062 sd
1101 2995 1280 3062 ἀνατολικὸν

173 3083 264 3164 μέρος
294 3089 352 3148 τοῦ
381 3084 513 3166 ἡλιακοῦ
542 3081 708 3167 μετεοδρου,
742 3091 836 3150 Φωκοῖ
866 3087 956 3152 ἐστίν.
1001 3081 1079 3149 καθ’
1106 3081 1147 3168 ἣν
1176 3083 1209 3147 ἐν
1238 3087 1279 3146 τῶ

173 3163 294 3273 ἑβδόμῳ
329 3169 388 3233 ἔτει
420 3175 474 3249 τῆς
507 3171 661 3252 βασιλείας
688 3167 786 3235 αὐτοῦ
813 3169 952 3254 σπουδὴν
979 3167 1097 3252 πολλήν
1125 3169 1193 3252 περὶ
1221 3146 1279 3230 sodi

172 3257 315 3317 ανελθεῑν
348 3254 526 3332 ἐπεδείξατο.
570 3251 701 3336 μοναχδς
727 3256 762 3320 δέ
788 3281 833 3332 τις
857 3257 892 3323 ln
917 3261 972 3340 τῆς
997 3262 1055 3322 τοῦ
1085 3254 1173 3319 δσίου
1199 3256 1278 3316 Θεο-

171 3333 274 3420 δοδρου
299 3343 356 3404 τοῦ
381 3339 542 3423 λεγομένου
566 3337 727 3405 Σοκεοὶτου
753 3347 867 3424 μονῆς,
893 3341 970 3406 saal
990 3346 1086 3405 ταῦτα
1105 3339 1163 3426 μολρ
1184 3337 1278 3402 καὶὸ
1392 3373 1393 3426 y

171 3417 322 3505 μακάριος
352 3423 510 3508 Θεόδωρος
539 3417 581 3508 ἦν
609 3426 643 3490 ἒν
668 3433 734 3502 ταῖς
758 3427 886 3510 ἡμέραις
905 3433 963 3494 τοῦ
985 3423 1082 3492 odanti
1105 3429 1199 3489 Φοικᾶ
1219 3435 1278 3482 etc·
1392 3457 1393 3460 ¹

171 3520 323 3570 caeterum
357 3532 526 3592 cognomen
560 3506 712 3576 conscisco
747 3514 779 3579 S.
808 3513 990 3576 Theodorus
1019 3514 1134 3593 accepit
1162 3531 1181 3570 a
1208 3511 1277 3570 loco
1392 3509 1393 3546 λ

170 3593 304 3677 quodam
330 3598 465 3657 Galatiae
491 3609 663 3678 nuncupato
690 3594 822 3678 ovxsoiv,
853 3599 936 3660 unde
963 3599 1107 3660 oriundus
1133 3597 1209 3672 fuit,
1242 3605 1278 3654 nt

168 3691 295 3741 testatam
320 3685 527 3764 Menologium
553 3684 735 3743 Graecorum
760 3683 810 3744 dia
830 3689 872 3750 22
891 3687 1020 3768 Aprilis:
1051 3679 1174 3757 δδσιος
1195 3673 1276 3744 Θεό·

169 3767 266 3852 δωρος
293 3765 309 3831 δ
335 3765 487 3850 σνκεοδτης
513 3763 634 3851 ὅρμητο
662 3769 695 3832 ἐκ
716 3774 771 3851 τῆς
792 3773 853 3835 τοῖν
876 3775 1019 3834 Γαλατῶν
1038 3763 1138 3852 χώρας
1158 3767 1192 3830 ἔκ
1212 3789 1276 3846 χω-

169 3855 237 3934 ρλου
264 3852 425 3938 λεγομένου
452 3859 578 3932 ουκεοιῖ,
607 3850 682 3917 κατὰ
711 3852 785 3932 vola
812 3851 941 3938 χρόνους
966 3853 1128 3941 γεννηθεὶς
1151 3847 1276 3916 Ἰουστι·

168 3943 279 4002 νιανοδ
304 3941 360 4000 τοῦ
386 3932 490 4000 πάλαι.
531 3939 646 3998 ibidem
674 3938 712 3999 de
740 3963 776 4002 ec
804 3941 856 4001 hic
881 3963 985 4003 versus
1011 3943 1140 4022 legitur:
1174 3932 1274 4001 εἰκάδι

168 4021 303 4108 δευτερίρ
332 4018 486 4101 consciam
508 4020 621 4104 τύμβος
642 4023 784 4108 ἔκρυψεν.
825 4029 877 4087 nbi
897 4039 968 4088 nota
989 4047 1060 4086 eum
1081 4026 1192 4084 omisso
1213 4043 1275 4082 no-

168 4108 250 4166 mine
278 4106 434 4169 Theodori
460 4107 637 4185 simpliciter
656 4113 756 4169 vocari
776 4108 941 4193 συκεοδτηνι
974 4109 1166 4171 adeundam
1189 4111 1275 4166 enim

168 4190 294 4250 modum
323 4192 382 4252 hoc
413 4209 532 4272 quoque
564 4193 631 4252 loco
659 4195 740 4274 apud
768 4194 917 4256 (iodinum
945 4200 1091 4278 scriptum
1116 4196 1214 4254 fuisse
1244 4202 1276 4250 et
1391 4237 1392 4271 ἢ

169 4273 360 4336 scribendum
380 4297 446 4337 esse
467 4271 571 4352 orado,
592 4271 659 4342 τότε
679 4277 713 4341 di
732 4272 774 4360 ἦν
794 4279 813 4344 d
833 4277 994 4364 ἃνκεοδτης
1011 4278 1137 4354 dictos.
1166 4279 1273 4338 nana.
