2808 4616
358 179 528 248 BREVES
555 179 761 250 ENARRAT.
791 185 1042 254 CHRONOGR.
1179 189 1258 262 183

143 369 159 436 ὅ
179 371 212 434 δέ
230 368 285 434 οὐκ
303 368 444 454 η’νέσχετο
452 415 462 447 ,
489 371 539 432 καλ
555 373 783 455 χειροτονηθείς
800 368 1004 460 πρεσβύτερος
1021 379 1076 459 τής
1094 376 1253 464 ἐκκλησίας

141 477 309 557 ἐξέρχεται·
337 469 372 548 ὃς
393 473 443 535 καὶ
468 470 670 556 έπεσκόπησεν
692 472 820 562 ὕστερον
826 524 837 555 ,
864 472 938 542 ὅθεν
954 503 1008 560 μοι
1024 480 1064 544 τὰ
1082 483 1212 548 πολλδὲ
1237 523 1252 534 -

144 580 267 666 φέρεται
284 573 467 660 διηγήματα.

241 684 291 745 Ἐν
321 687 365 768 τῷ
392 676 597 766 Ἱπποδρομίῳ
628 679 823 763 ἀπετέθησαν
853 681 964 748 εἴδωλα
996 683 1029 749 ἐκ
1055 690 1110 768 τῆς
1131 682 1289 772 ῬάμηςΒ

115 785 253 868 δήκοντα
276 779 347 850 chosi
370 781 408 862 ξ’,
435 785 466 848 ἓν
490 777 536 859 οἷς
561 785 612 846 καὶ
636 782 841 869 Αὐγούστου,
867 783 910 862 ὡς
935 787 971 852 οὗ
996 788 1162 876 γέγραπται
1183 793 1249 874 μέν,

139 891 255 974 λέγεται
275 887 326 966 δέ,
350 887 385 953 τὸ
405 883 555 970 δμοίωμα.

238 989 351 1056 Haila
374 987 447 1073 ήμῖν
471 993 680 1072 διεβεβαιοῦτο
700 991 852 1066 Φίλιππος
869 987 1015 1079 έπαρχος,
1040 991 1139 1061 ὅτιτὸ
1157 996 1249 1086 ἓντῷ

133 1093 337 1184 Ἱπποδρομίῳ
360 1091 499 1181 δπάρχον
523 1090 665 1175 ὁμοίωμα
691 1094 846 1161 Θετταλὸν
863 1094 1100 1182 κατασκεύασμα
1116 1097 1247 1188 ὑπάρχει
1264 1117 1287 1170 0

136 1201 271 1265 Ποντίου
296 1195 395 1276 τινός,
426 1197 461 1261 ud
488 1195 609 1262 δίνωθεν
633 1203 688 1279 τῆς
710 1205 870 1280 βασιλικῆς
895 1201 1053 1288 καθέδρας
1076 1201 1248 1287 ἱστάμενον.

90 1319 130 1372 10
138 1305 170 1368 ἕν
194 1303 227 1367 δέ
247 1310 312 1378 τοῖς
328 1302 507 1386 γυναικείοις
520 1297 696 1383 δμοιώμασι
712 1309 773 1368 τῶν
790 1301 913 1387 Μήδων
928 1310 984 1368 τοῦ
1002 1307 1113 1390 ἓλεγίου
1132 1308 1165 1372 αἱ
1180 1332 1248 1393 γεν-

135 1413 233 1473 νῶσαν
250 1411 355 1491 θήρας
371 1407 421 1468 καὶ
439 1401 624 1491 ἀνθρώπους
640 1406 811 1471 ε’σθίουσαι.
853 1405 909 1489 τὴν
925 1407 980 1488 μέν
996 1410 1070 1490 μίαν
1083 1407 1246 1497 Ἡρωδίων

135 1535 189 1594 μοι
216 1507 401 1595 ε’τράνωσεν,
423 1507 639 1578 'losantanas
663 1515 719 1573 τοῦ
745 1508 841 1574 ἀθέου
868 1511 1022 1593 δηλοῦσαν
1038 1511 1094 1593 τὴν
1112 1513 1245 1600 ἳστορίαν

136 1613 172 1677 ad
198 1611 354 1700 δεάτερον·
388 1615 420 1678 έν
445 1607 492 1689 οἷς
515 1615 566 1677 καὶ
591 1617 696 1676 πλοῖον
718 1609 847 1700 δπάρχει
869 1612 913 1696 μή
938 1620 1141 1702 πληρωθῆναι
1165 1616 1245 1682 ἀλλὰ

135 1717 311 1804 περιμένειν.
364 1713 438 1802 ὅπερ
464 1715 599 1792 ἀκούσας
623 1713 795 1802 ἐδάκρυσα,
823 1721 849 1781 εἰ
871 1715 933 1804 ἄρα
949 1743 982 1802 με
999 1725 1137 1786 τοιοῦτον
1153 1715 1245 1785 πάλιν

90 1829 176 1908 15τῇ
197 1817 516 1887 Κωνστοντινουπόλει
541 1821 656 1906 ἐπέλθῃ
682 1818 832 1906 άλάηημα.
878 1821 1098 1898 Ἰουστινιανδς
1115 1820 1131 1886 ὃ
1147 1824 1283 1908 paparo

134 1927 167 1989 έν
191 1934 255 2001 τοῖς
278 1929 335 1989 τοῦ
359 1925 551 2006 καθίσματος
576 1934 775 2008 κατεταχεῖτο
801 1925 832 1989 ἓν
850 1924 936 2012 λ’ππῳ
956 1930 1065 2014 χαλκῷ
1086 1925 1166 2009 μετὰ
1189 1927 1245 2012 τήν

134 2029 219 2110 νίκην
232 2025 365 2110 Μήδων.
415 2023 436 2110 ἢ
453 2030 485 2092 ἐν
501 2031 546 2114 τῷ
557 2023 770 2115 Ἶπποδρομίῳ
786 2027 975 2112 καθεζομένη
991 2027 1067 2114 γυνή
1086 2029 1117 2092 ἓν
1135 2031 1243 2119 σελλίῳ

130 2135 256 2218 χαλκῷ,
290 2131 342 2194 καὶ
373 2125 450 2214 αὕτη
482 2128 619 2210 dvorsa,
652 2127 694 2208 ὥς
723 2133 920 2218 προείπομεν,
953 2128 969 2195 ὃ
1000 2131 1056 2215 μέν
1081 2129 1242 2219 Ἡρωδίαν

134 2237 252 2311 ἐδίδαξε
276 2233 413 2318 Βηρίναν
436 2229 511 2300 εἶναι
534 2241 591 2300 τοῦ
611 2232 746 2319 μεγάλου
769 2235 924 2312 Λέοντος·
951 2230 993 2310 ὡς
1018 2235 1052 2300 δὲ
1074 2235 1133 2320 ἐγὼ
1156 2237 1243 2326 παρὰ

89 2339 278 2410 νοπλείονων
306 2335 442 2420 ήκουσα,
477 2339 510 2414 ἐξ
535 2333 683 2416 Ἑλλάδος
714 2335 789 2403 εἶναι
817 2339 852 2404 τὸ
885 2337 1010 2403 εἴδωλον
1038 2345 1157 2422 μᾶλλον
1186 2345 1242 2426 τῆς

128 2442 263 2526 Ἀθηνᾶς
269 2489 279 2519 ,
306 2439 379 2528 ὅπερ
404 2441 455 2505 καὶ
481 2439 652 2508 ἐπίστευσα.

232 2544 345 2610 Πολλδι
370 2545 521 2620 Φίλιππος
543 2543 702 2632 ἱστόρησεν
719 2540 735 2609 ὁ
754 2540 904 2630 δυνάστης
918 2539 1051 2627 μαθών,
1076 2545 1235 2612 καὶτοῦτο
1252 2561 1276 2614 Il

132 2649 322 2735 παρέδωκεν,
348 2643 396 2711 ὅτι
417 2647 453 2712 τδ
478 2649 676 2734 δρακονταῖον
694 2647 855 2736 Ἀρκαδίαν
879 2648 935 2731 μέν
957 2644 1122 2732 ἐκτάπωμά
1145 2650 1236 2730 ἔστιν,

132 2872 281 2942 acquievit,
308 2877 387 2940 atque
412 2875 554 2944 presbyter
579 2873 714 2926 ordinatas
733 2889 767 2926 ax
783 2873 897 2926 ecclesia
914 2874 1065 2942 egreditur3
1092 2872 1139 2942 qui
1155 2874 1237 2928 etiam

130 2950 227 3014 postea
243 2941 382 3012 episcopus
398 2943 460 2996 luit.
496 2943 598 3012 quade
615 2961 645 2995 re
663 2942 743 2994 multa
761 2943 879 2995 enarrari
895 2941 1020 3012 comperi.

235 3011 268 3063 In
291 3009 471 3079 Hippodromo
494 3013 630 3082 depositae
653 3019 715 3064 sunt
737 3015 841 3065 statuae
858 3012 944 3064 Roma
960 3014 1115 3082 exportatae
1132 3008 1238 3066 circiter

131 3082 285 3150 sexaginta3
302 3079 329 3132 in
346 3081 440 3150 quibus
458 3082 583 3150 Augusti,
601 3099 653 3134 non
669 3081 741 3152 quod
758 3083 859 3152 scripta
873 3082 926 3134 ulla
938 3086 1101 3134 monumenta
1113 3079 1236 3151 habeant,

131 3152 179 3208 aed
196 3158 227 3204 ut
244 3152 348 3215 lerunt,
369 3167 434 3203 vera
449 3151 562 3220 effigies.

232 3219 391 3272 affirmabat
411 3219 548 3290 Philippus
571 3222 723 3288 praefectus
747 3237 779 3273 ac
802 3225 901 3272 camum
925 3235 984 3272 esse
1007 3219 1132 3271 narrabat
1155 3218 1236 3272 simu-

128 3292 227 3344 lacrum
249 3306 282 3341 ex
302 3289 455 3342 Thessalico
473 3305 601 3342 armanore
617 3290 643 3340 in
659 3289 840 3358 Hippodronro
855 3305 934 3359 supra
950 3288 1144 3356 imperatorium
1159 3289 1235 3342 thro-

130 3376 191 3414 num
213 3359 384 3412 constitutam
404 3377 471 3430 opus
488 3377 548 3412 esse
564 3357 654 3410 Pontii
671 3358 816 3412 cuiusdam.
850 3358 922 3412 inter
939 3359 1079 3411 simulacra
1094 3375 1159 3413 vero
1176 3375 1233 3412 mu-

129 3431 219 3482 lierum
236 3428 324 3497 Elegii
341 3429 478 3482 Medorum
494 3433 569 3495 sunt,
590 3445 658 3496 quae
673 3427 774 3482 belluas
791 3428 903 3498 gignunt
919 3435 947 3481 et
963 3427 1080 3480 homines
1094 3429 1235 3482 devorant.

130 3516 206 3552 unam
223 3497 288 3550 mihi
304 3497 423 3550 Herodio
441 3499 607 3568 explanavit,
634 3514 701 3566 quae
716 3498 791 3568 impii
807 3497 946 3552 Iustiniani
964 3497 1104 3550 secundum
1120 3499 1234 3568 impera-

130 3569 197 3621 toris
214 3567 349 3620 historiam
366 3569 477 3622 referat.
511 3568 539 3620 in
556 3567 651 3637 quibus
670 3574 697 3619 et
713 3567 790 3621 navis
809 3573 866 3636 est,
889 3585 943 3620 non
960 3574 991 3620 ut
1006 3565 1160 3636 impleatur,
1180 3567 1233 3620 aad

130 3644 161 3690 ut
185 3643 332 3708 exspectet.
367 3654 419 3706 quo
443 3638 535 3692 audito
558 3635 747 3690 collacrimatus
771 3654 842 3704 sum,
868 3653 967 3690 mecum
985 3642 1110 3707 reputans
1127 3635 1233 3690 numid

130 3707 209 3760 etiam
234 3706 341 3762 absurdi
367 3707 445 3778 Cpoli
471 3707 624 3776 contingere
649 3706 754 3762 debeat.
798 3707 959 3760 lastinianus
983 3723 1091 3776 magnus
1116 3707 1143 3760 in
1167 3705 1232 3758 circi

129 3776 237 3829 sedibus
255 3793 338 3829 aeneo
356 3795 424 3846 equo
441 3777 589 3830 vehebatur
606 3781 666 3845 post
681 3775 820 3830 victoriam
836 3777 869 3828 de
884 3777 972 3830 Medis
992 3784 1103 3845 partam.
1138 3775 1232 3827 mulier

129 3847 158 3898 in
177 3846 356 3915 Hippodromc
376 3847 404 3899 in
420 3847 484 3899 sede
500 3864 578 3900 aerea
594 3846 703 3912 sedens,
729 3864 813 3916 eaque
830 3847 958 3917 superiori
974 3848 1048 3915 loco,
1073 3852 1103 3898 ut
1120 3845 1171 3896 iam
1189 3841 1232 3893 di-

130 3922 199 3968 ctum
224 3922 278 3984 est,
303 3922 333 3969 ut
355 3917 459 4040 (puidam
482 3923 573 3969 narrat
596 3915 728 3983 Herodio,
752 3917 852 3970 Verina
869 3935 910 3970 ma
929 3916 957 3968 ni
973 3915 1068 3968 Leonis
1086 3930 1153 3966 uxor
1171 3915 1229 3994 eata

130 3987 161 4035 ut
176 3988 263 4038 autem
280 4003 329 4055 ego
343 3987 460 4058 paribus
471 3987 638 4039 narrantibus
650 3985 754 4054 audivi,
770 3991 858 4040 statua
869 3991 911 4041 est
952 3986 1058 4040 'nervae
1071 4001 1104 4036 ex
1115 3984 1230 4035 Graecia

130 4052 255 4118 advecta,
274 4056 342 4122 quod
360 4058 438 4110 etiam
455 4073 546 4111 verum
563 4056 688 4108 arbitror.

232 4123 317 4188 Multa
338 4126 474 4196 Philippus
491 4126 604 4195 dynasta
622 4125 755 4178 enarravit
770 4130 802 4178 ut
818 4125 964 4192 didicerat,
990 4119 1110 4176 draconis
1128 4117 1230 4170 scilicet

130 4194 243 4246 statuam
267 4191 374 4253 Arcadii
397 4196 507 4266 figuram
524 4212 594 4265 esse,
622 4195 735 4250 Honorii
751 4203 837 4250 autem
852 4194 944 4250 fratris
961 4193 1018 4245 eius
1034 4191 1133 4242 Romae
1149 4187 1232 4260 irnpe-
