2802 4636
166 255 214 326 18
505 249 723 320 GEORGIUS
749 247 937 326 conlutis

88 467 110 520 Ρ
128 464 146 520 9
164 445 278 523 σιλείας
301 446 357 515 τού
378 435 511 528 μεγάλου
539 439 789 523 Κωνσταντίνου,
831 430 1089 527 συμπραττόντων
1111 434 1198 526 αὐτῷ
1221 439 1271 502 καλ

165 541 425 620 συνευδοκούντων
449 547 492 622 είς
514 544 572 629 τὴν
597 541 741 630 τοιαύτην
766 542 930 627 οἰκοδομὴν
954 548 1009 627 τῆς
1035 535 1271 629 θεοφρουρὴτου

163 652 279 730 πόλεως
287 646 455 738 Εὐφράτου
473 650 763 736 παρακοιμωμίνου,
783 647 950 736 Ούρβικίου
968 647 1019 712 καλ
1032 644 1196 732 Ὀλυβρίου
1210 650 1272 710 τῶν

163 756 387 846 ττρασιοσίτων,
415 747 590 840 Ἰσιόῶρου,
624 755 676 819 καὶ
702 751 890 840 Εύστοργίου
915 751 966 816 καὶ
992 747 1126 834 Μιχαὴλ
1149 772 1274 835 πρωτο-

163 860 357 947 βεστιαρίου,
383 855 566 946 ἀμφοτέρων
588 857 753 945 πατρικίων
777 853 889 936 όντων,
914 849 1150 940 καλὩνορισιόυ
1174 850 1297 939 ἔπάρ-ἔι

162 990 239 1049 χου,
263 961 371 1039 καθὼς
396 960 567 1048 ἱστοροῦσιν
584 960 773 1046 Εὕτυχιανός
796 952 1075 1048 πρωτοασηκρήτης
1091 952 1108 1021 ὃ
1125 979 1273 1042 γραμμα-

164 1065 248 1146 τικός
256 1115 267 1146 ,
292 1067 344 1132 καλ
360 1060 531 1153 Εύτρόιιιος
547 1060 564 1130 ὃ
581 1064 732 1154 σοφιστὴς
748 1061 764 1129 ὃ
781 1069 826 1154 τῶ
842 1059 1007 1150 παραβάτῃ
1020 1061 1176 1148 Ἰουλιανῷ
1191 1084 1274 1141 συμ-

165 1170 271 1260 παρὼν
295 1171 326 1236 ίν
358 1173 398 1256 τῇ
421 1169 571 1258 Περσίδι,
613 1171 664 1236 καὶ
697 1165 714 1234 ὃ
747 1162 1007 1254 ἓπιστολογράφος
1032 1165 1274 1241 Κωνσταντῖνος,

162 1270 316 1351 Ἐλεύσιάς
332 1298 363 1338 τε
381 1269 521 1349 διάκονος
537 1269 554 1338 ὁ
572 1269 758 1360 φιλόσοφος,
783 1273 833 1336 καλ
853 1273 991 1358 Τρωίλος
1008 1264 1024 1334 ὃ
1042 1265 1144 1356 ῥήτωρ
1162 1264 1178 1332 ὅ
1195 1271 1274 1331 noi-

128 1393 151 1446 B
168 1380 224 1457 λιλς
236 1377 333 1467 ἀρχάς
345 1375 423 1460 μετά
440 1373 531 1462 δόξης
547 1375 677 1458 ἀνύσας,
694 1377 745 1442 καλ
758 1370 906 1460 Ἡσύχιος
922 1370 938 1439 ὃ
955 1368 1163 1460 ταχυγράφος.
1188 1360 1273 1435 οὗτοι
1281 1381 1315 1436 10

166 1479 275 1560 πάντες
298 1476 447 1548 αὐτόπται
471 1477 624 1566 γενόμενοι
645 1487 706 1548 τῶν
730 1485 897 1565 τηνικαῦτα
920 1477 1120 1566 πραχθέντων
1137 1475 1275 1561 ἀκριβῶς

165 1589 255 1653 ταυτὶ
280 1581 521 1673 συνεγράψαντο.
572 1586 604 1651 ἔν
630 1585 664 1650 δὲ
686 1589 731 1673 τῷ
754 1583 837 1672 αὐτῷ
856 1578 1019 1669 δωδεκάτῳ
1036 1579 1094 1645 λ’τει
1110 1585 1166 1663 τῆς
1180 1585 1274 1660 βασι-

167 1691 249 1768 λείας
274 1688 367 1755 atron
393 1687 548 1772 ἐποίησεν,
573 1685 616 1765 ῶς
633 1687 769 1776 εἴρηται,
793 1688 915 1772 μείζονα
932 1684 987 1771 τὴν
1003 1680 1159 1764 Βύζαντος
1175 1679 1275 1759 πόλιν,

167 1796 218 1860 καὶ
235 1789 374 1860 ἐκάλεσεν
391 1789 826 1876 αύτὴκΚωνσταντινούτιολιν.
852 1787 948 1856 ἴκτισε
966 1789 999 1854 δὲ
1015 1789 1066 1853 καλ
1082 1787 1122 1854 τά
1139 1783 1276 1850 παλάτια

167 1897 207 1964 τά
231 1895 291 1962 cinti
314 1922 347 1962 τε
371 1900 426 1979 τῆς
446 1900 566 1980 χαλκῆς
588 1899 639 1962 καὶ
662 1903 723 1962 τῶν
740 1895 936 1977 ἓξκουβίτων,
962 1895 1013 1958 καὶ
1029 1890 1103 1958 ναὸν
1120 1887 1275 1977 ἀνήγειρεν
1283 1899 1315 1954 15

169 2003 262 2067 ἐκεῖσε
280 2007 341 2067 τῶν
358 1996 451 2085 ἁγίων
468 1995 646 2067 ἀποστόλων
655 2049 667 2080 ,
693 2002 744 2066 καὶ
761 1997 817 2083 τὴν
833 1994 930 2064 θόλον
946 1999 1001 2080 τῆς
1013 1991 1221 2078 Ἑνιταλύχνου
1228 1992 1277 2076 ,ἢ

169 2107 220 2170 καὶ
236 2103 326 2190 μέχρι
342 2109 396 2169 τοῦ
413 2107 468 2168 νῦν
484 2099 612 2182 σῶζετιιι
628 2103 745 2172 ίσωθεν
762 2107 823 2169 τῶν
840 2105 975 2186 σχολῶν,
992 2101 1042 2164 καλ
1060 2097 1094 2164 τό
1111 2093 1278 2184 τριβουνά-

168 2213 251 2285 λιον,
278 2209 328 2270 καὶ
345 2205 384 2271 τιλ
402 2211 455 2268 νῦν
472 2204 681 2286 ὀνομαζόμενα
697 2203 847 2292 Νούμερα
857 2251 867 2282 ,
892 2206 943 2268 καὶ
962 2202 1041 2268 αὐτὰ
1059 2204 1101 2279 εἷς
1117 2198 1276 2279 παλάτιον,

169 2308 275 2374 καὶτὰ
292 2305 450 2372 tercenta
463 2304 662 2388 Ἀκκούβιτα,
688 2309 739 2372 καλ
756 2307 791 2372 τό
809 2306 976 2390 Στίψιμοκ,
995 2307 1045 2370 καί
1062 2304 1114 2371 τὸν
1130 2304 1204 2370 ναόν
1221 2309 1278 2369 τού

128 2409 255 2498 οάγιόυ
280 2404 458 2499 Στεφάνου,
501 2406 592 2496 ὅνπερ
619 2407 678 2494 εἶχε
696 2409 866 2499 χειμερινόν
889 2415 1029 2476 κοιτῶνα.
1079 2404 1217 2496 ἀνήγειρε
1242 2407 1316 2472 όὲλο

238 2549 474 2624 1συμσοιρόντων
490 2553 555 2610 vat.
655 2548 831 2622 ὅΕύφροιτά
847 2569 876 2607 τε
894 2547 967 2624 φημί
981 2553 1034 2608 τού
1049 2569 1082 2608 τι.
1099 2553 1133 2608 (λ.
1222 2550 1277 2605 τοῦ

237 2621 424 2708 πραιιιοσίτογι
441 2625 476 2679 C.
602 2618 814 2708 5Ὁυρταρσίου
831 2622 864 2677 0.
1004 2623 1028 2710 o,
1038 2617 1086 2676 ὅτε
1094 2615 1278 2708 ,Εὔτυχιαγός

233 2711 427 2833 ιιιιιωει
443 2687 757 2832 iniustus
771 2689 847 2825 ,tt
860 2686 1275 2830 λωιλωιτωλυ

238 2850 293 2901 φας
308 2831 535 2901 Κωνσταντίνοο,
557 2828 679 2896 Τρῶϊλος
696 2833 730 2888 C.
840 2831 859 2886 8
873 2830 923 2884 καλ
939 2825 1176 2900 ἐπιστολογράφος
1193 2833 1274 2882 Κοιν-

238 2900 387 2956 σταντίνου
404 2901 467 2956 Vst.
577 2905 611 2956 ll
627 2901 733 2956 θεαταί
749 2896 798 2955 κοιλ
814 2899 970 2966 συνίστορες
987 2902 1020 2954 C.
1135 2902 1170 2955 13
1187 2893 1277 2952 oritoni

238 2967 367 3041 ἐγένοντο
384 2970 489 3037 ταῦτα,
506 2965 543 3032 ῶς
559 2972 668 3039 εἴρηται
685 2970 824 3037 Vallioeii,
842 2969 944 3024 omissis
961 2969 1030 3037 μείζ.
1047 3001 1082 3012 -
1099 2971 1276 3022 Κωνσσαντι-

238 3037 384 3095 νούσολιυ.
470 3041 506 3096 14
522 3041 632 3094 aiterum
649 3037 698 3094 καλ
715 3041 767 3094 add
785 3041 819 3095 C.
910 3041 944 3094 15
961 3034 1017 3104 ἐξα.
1035 3036 1084 3092 καλ
1100 3039 1157 3093 τῶν
1172 3039 1279 3108 σχολῶν

239 3109 289 3163 καλ
305 3111 406 3231 Cipum
421 3109 485 3232 gat.
545 3111 580 3168 18
591 3105 640 3164 καλ
657 3104 730 3164 arisai
748 3105 789 3176 είς
805 3103 841 3165 τά
859 3103 932 3164 aizoi
949 3103 1073 3162 παλάιια
1090 3109 1124 3162 0.
1153 3129 1157 3134 ·
1181 3107 1215 3164 19
1233 3102 1278 3162 ἐν·

238 3196 326 3232 ’νεακα
358 3195 409 3231 ειια
451 3215 459 3234 .

171 3297 324 3351 duodecimo
341 3296 444 3367 imperii
462 3299 630 3354 Constantini
646 3301 749 3370 magni,
781 3300 967 3354 adiuvantibus
984 3301 1012 3352 in
1029 3303 1162 3352 structura
1179 3296 1278 3350 cirita-

170 3369 206 3422 tis
224 3367 311 3420 divino
329 3366 463 3435 praesidio
485 3370 601 3424 munitae
617 3370 756 3440 Euphrate
779 3373 950 3436 accubitare,
979 3369 1092 3422 Urbicio
1116 3374 1146 3421 et
1163 3367 1277 3436 Oiybrio

170 3436 343 3520 praepositis,
372 3435 475 3490 Isidoro
493 3445 522 3492 at
537 3439 681 3508 Eustorgio
700 3449 728 3493 et
744 3439 874 3492 Miohseie
891 3440 973 3510 primo
991 3438 1133 3506 vestiario,
1162 3447 1276 3504 utroque

170 3507 298 3575 patratio,
324 3511 352 3558 at
367 3506 512 3562 Honorisio
528 3510 678 3578 praefecto,
704 3510 917 3578 quemadmodum
935 3516 1078 3562 memorant
1093 3508 1278 3574 Eutychianos

172 3593 188 3627 a
205 3575 316 3628 secretis
331 3576 446 3644 primus,
464 3579 663 3646 grammaticus,
680 3584 709 3633 et
719 3579 864 3650 Eutropius
883 3579 1018 3647 sophista,
1037 3579 1080 3647 qui
1092 3578 1193 3630 Iuliano
1211 3593 1278 3646 apo-

172 3651 259 3696 statae
286 3645 314 3696 in
330 3645 441 3698 Persida
467 3646 544 3699 simui
569 3649 671 3716 adfuit,
700 3655 730 3701 et
756 3648 947 3701 Constantinus
973 3646 1219 3717 epistolographna,
1248 3653 1278 3698 et

170 3714 293 3767 Eleusina
309 3713 434 3767 diaconus
449 3716 636 3788 philosophus,
661 3725 688 3770 et
705 3718 814 3770 Troilus
831 3719 937 3784 rhetor,
965 3716 1010 3785 qui
1026 3717 1121 3770 multos
1138 3716 1278 3784 magistra-

171 3793 291 3836 tuscum
315 3783 415 3836 honore
436 3786 537 3855 gessit,
566 3797 594 3840 et
609 3787 761 3855 Hesychius
785 3788 913 3840 notarius.
948 3785 976 3839 hi
996 3803 1102 3852 ornnes,
1132 3802 1201 3854 quae
1225 3785 1278 3836 suis

172 3852 255 3906 oculis
270 3860 326 3905 tum
342 3853 479 3922 viderunt,
496 3863 618 3910 accurate
634 3857 740 3926 scriptis
752 3855 916 3910 mandarunt.
950 3873 1018 3909 anno
1030 3856 1113 3925 igitur
1125 3853 1279 3907 duodecimo

171 3921 273 4006 imperii
289 3922 347 3990 sui,
365 3932 395 4006 ut
413 3924 586 4010 dictumest,
613 3925 801 4010 (inustantinps
818 3925 946 3992 Byzantia
965 3927 1054 3979 urbem
1074 3924 1211 4008 ampliavit
1225 3941 1278 4006 yo-

171 3989 685 4135 tittstiitntssttitttii
701 3995 1210 4133 {titianttitutitttt:2⁹,
1223 3993 1279 4132 'iii

172 4145 257 4201 usque
275 4131 360 4184 adhuc
374 4131 446 4185 intus
470 4134 500 4185 in
525 4131 617 4186 scholis
642 4140 829 4198 conservatum
856 4142 995 4201 praeterea
1020 4133 1136 4188 tribunal
1159 4131 1279 4184 eiusdem

171 4200 279 4266 palatii,
308 4208 335 4255 at
352 4217 419 4270 quae
435 4219 504 4258 nuno
520 4203 644 4258 dicuntur
658 4203 792 4265 Numera5
820 4202 883 4256 item
906 4203 1084 4256 novemdecim
1111 4202 1231 4255 accubita
1249 4211 1279 4254 et

113 4281 118 4289 ·
171 4266 332 4338 Stcpsimum
349 4281 376 4326 et
393 4272 516 4344 templum
531 4273 562 4328 S.
575 4272 719 4343 Stephani,
734 4271 762 4324 in
780 4287 832 4341 quo
844 4271 953 4326 hiberno
964 4281 1082 4344 tenpore
1093 4272 1277 4344 pernoctabat.
