2808 4616
232 220 293 286 υτ
317 212 528 284 νεοσσοῖσι
551 209 610 280 nn
634 208 952 282 nnnnlsonnn
977 211 1110 284 sunm
1151 213 1226 290 ιεο
1252 309 1255 319 Δ

117 406 189 494 ἤτοι
214 413 269 492 τῆς
292 403 408 492 ἢμίροις
431 410 487 487 τῆς
507 397 677 487 κοιμήσεως
698 407 755 488 τῆς
774 399 941 492 ὖιτεραγίας
955 401 1122 490 linostimo,
1147 409 1224 476 ῗνιλι.
1238 459 1261 500 ‚3

118 517 246 590 κτιῶνος
263 506 303 578 ια’
319 515 374 575 τοῦ
390 503 482 596 ,ςχκί
500 505 595 585 ίτους.

218 613 255 680 ‘0
277 609 380 700 κάρτος
398 607 539 696 Ἰωάννης
555 607 570 674 5
589 607 751 694 Κομνηνός
767 605 783 674 5
802 608 1099 697 τιορφυρογίννητος,
1126 607 1142 676 5
1160 612 1226 690 οἷὸς

121 719 232 797 αὐτοῦ,
258 713 404 803 ἐκράτησε
427 717 499 798 μηνὶ
524 711 698 802 Alyattem
724 709 769 791 ιε’,
795 715 979 789 ῖνδικτιιῦνος
1003 709 1043 778 ια’
1060 718 1117 780 τοῦ
1132 711 1225 804 ,ςχκζ

92 821 223 900 δὲ’τους,
248 822 299 884 καὶ
325 818 458 902 εὐσεβῶς
481 819 657 901 ἐβασίλευσε
680 818 732 882 καὶ
755 803 930 905 θεαρίσττος
953 815 1004 902 ἕτη
1022 815 1069 883 κδ’
1085 815 1228 904 μῆναςζ

115 923 234 1015 ἡμέρας
250 921 306 1008 κγ’.

215 1024 254 1092 Ὅ
270 1024 337 1102 υίὸς
350 1023 445 1091 oritoni
458 1020 475 1089 5
489 1021 770 1112 πορφυρογίννητος
781 1015 886 1110 κάριος
897 1022 1055 1108 Menoetii.
1068 1019 1084 1090 5
1098 1026 1228 1112 Κομνη-

114 1131 170 1210 νός
193 1126 340 1218 ἐκράτησε
363 1132 437 1213 μηνὶ
456 1126 618 1216 Ἀπριλλίῳ
636 1126 677 1207 α’,
701 1130 887 1204 ίνιλικτιῶνος
904 1123 930 1204 ς’
946 1133 1003 1194 τοῦ
1019 1125 1112 1216 ,mol
1131 1128 1227 1212 ἴτους,

116 1237 170 1300 καὶ
188 1235 382 1318 ἐβασίλευσεν
400 1231 531 1314 εὐσεβῶς
548 1229 598 1314 ίτη
617 1228 660 1310 λζ’
676 1238 776 1314 μῆνας
794 1227 816 1295 ε’
833 1227 950 1318 ἡμέρας
966 1227 1021 1317 κγ’.
1061 1229 1227 1318 ε’ξειλήμησε

72 1348 109 1402 16
119 1339 155 1404 δὲ
170 1337 249 1425 πρὸς
265 1333 371 1422 κάριον
388 1341 426 1421 τῇ
443 1330 490 1398 κδ’
507 1339 562 1400 τοῦ
580 1336 789 1421 Σεπτεμβρίου
806 1330 902 1416 μηνός
910 1381 921 1412 ,
946 1342 1002 1418 τῆς
1020 1331 1059 1400 ιδ’
1077 1339 1228 1404 tolenno-

116 1469 173 1520 νος
195 1447 253 1507 τοῦ
278 1435 382 1529 ,ςχπέά
407 1437 508 1516 ίτους,
538 1433 606 1529 ὥρην
629 1435 670 1516 α’,
701 1436 752 1501 διὰ
776 1442 831 1501 τοῦ
850 1435 983 1520 μεγάλου
1001 1441 1052 1501 καὶ
1069 1439 1228 1526 άγγελικοῦ

117 1543 279 1628 σχήματος
302 1545 476 1620 Ματθαῖος
499 1539 634 1624 μονοχός
656 1541 908 1622 μετονομασθείς.
958 1540 1038 1605 κατὰ
1065 1543 1100 1607 δὲ
1124 1541 1181 1626 τὴν
1207 1539 1266 1618 ln

118 1647 217 1734 μηνὸς
233 1647 459 1733 Σεπτεμβρίου,
485 1646 671 1721 ῖνιλικτιῶνος
686 1641 714 1729 γί
732 1643 817 1722 ἴτους
833 1638 936 1730 Ιςχοηᾏ
960 1641 1054 1729 ἤγουν
1071 1645 1103 1710 ἔν
1119 1652 1163 1735 τῷ
1180 1642 1227 1732 κη’

119 1750 179 1817 ἔτει
201 1756 257 1836 τῆς
279 1751 436 1834 βασιλείας
461 1749 574 1826 αὐτοῦ,
605 1743 752 1832 ἐγεννήθη
777 1743 793 1812 5
819 1743 979 1824 κάλλιστος
1001 1747 1068 1826 υἱὸς
1091 1749 1187 1815 αὐτοῦ
1210 1745 1228 1820 5

73 1865 111 1920 15
120 1855 403 1944 πορφυρογίννητος
419 1851 523 1939 κάρτος
540 1851 671 1929 Ἀλίξιος
686 1847 702 1916 5
721 1846 891 1934 Κομνηνός.
943 1851 1078 1939 ἔστίφθη
1096 1854 1130 1918 δὲ
1147 1852 1226 1940 παρ’

120 1958 215 2024 αὐτοῦ
241 1955 257 2022 5
281 1963 418 2033 τοιοῦτος
435 1959 477 2032 εἲς
492 1954 622 2038 βασιλεία
638 1954 718 2020 κατὰ
735 1957 907 2020 ίνιλικτιῶνα
924 1950 947 2019 ε’
964 1960 1021 2020 τοῦ
1038 1952 1115 2042 ,ςχτί
1133 1954 1229 2034 ίτσυς.

119 2063 194 2146 μηνὶ
212 2060 410 2147 Σεπτεμβρίῳ
428 2055 475 2138 ιζ’,
493 2060 678 2135 ἲνιλικτιῶνος
695 2055 714 2121 ι’
732 2057 818 2133 ίτους
833 2052 925 2146 ,ςχντά
943 2056 1060 2142 γίγονεν
1076 2060 1108 2123 ἓν
1124 2065 1169 2149 τῷ
1184 2055 1229 2102 **

121 2160 287 2240 κατάλυσις
310 2169 365 2228 τοῦ
388 2161 540 2246 βασιλέως
555 2161 660 2246 κυρίου
677 2159 834 2244 Μονουὴλ
851 2166 906 2224 nori
924 2161 1097 2244 Κομνηνοῦ.
1148 2162 1228 2228 κατὰ

123 2267 156 2332 δὲ
176 2266 233 2349 τὴν
250 2263 288 2352 ιγ’
306 2268 478 2331 ίν6ικτιῶνα
494 2269 550 2330 sori
566 2261 665 2352 ,gxnn'
682 2263 784 2343 ἔτους,
813 2265 886 2346 μηνὶ
903 2265 1039 2354 Μαρτίῳ
1054 2262 1097 2350 β’,
1126 2261 1228 2358 ἧμίρηι
1269 2312 1273 2323 -.

76 2379 114 2432 20
123 2375 267 2458 κυριακῇ,
291 2369 442 2448 συνίζευξε
458 2367 512 2433 τὸν
528 2363 632 2454 κύριον
643 2366 774 2444 Ἀλίξιον
790 2365 843 2430 τὸν
858 2365 925 2432 υἱὸν
943 2365 1038 2432 αὐτοῦ
1053 2371 1172 2454 γυναικὶ
1187 2374 1229 2456 τῇ

121 2481 201 2565 κυρᾷ
212 2471 318 2562 Ἄννῃ,
343 2478 383 2559 τῇ
397 2472 530 2559 θυγατρὶ
546 2476 603 2537 τοῦ
620 2467 831 2556 εὐγενεστάτου
849 2468 940 2557 ῥηγὸς
959 2473 1131 2558 Φραγγίας,
1148 2470 1227 2558 μετά

121 2577 283 2666 άραβῶνος
309 2575 400 2662 εάχῆς
425 2573 544 2652 τούτοις
571 2576 715 2659 δοθείσης
740 2572 825 2662 παρὰ
850 2580 905 2641 τοῦ
931 2577 1140 2658 οἵκουμενικοῦ
1164 2601 1226 2640 πα-
1305 2631 1306 2638 ,

120 2679 268 2771 τριάρχον
286 2687 382 2769 κυροῦ
401 2679 568 2745 Θεοδοσίου
585 2683 641 2744 nori
652 2677 838 2762 Ἀντιοχέως.
889 2677 968 2744 κατά
985 2679 1019 2744 ll
1034 2679 1090 2765 τὴν
1104 2675 1152 2745 κδ’
1169 2685 1225 2746 τοῦ

192 2905 227 2963 17
242 2898 331 2975 ponde
345 2903 526 2977 σεστεμβρίου
543 2900 583 2960 τοί
598 2903 726 2962 vallicell.
856 2903 893 2962 18
907 2897 1010 2975 pepecit
1024 2903 1155 2978 plerique.

121 3109 377 3237 ⁶⁵⁰·105625ugmfi'
405 3125 453 3162 sen
474 3126 588 3181 vespero
610 3107 794 3181 assumptionis
806 3097 848 3166 ‘B.
871 3107 1009 3181 deiparae,
1031 3106 1173 3163 indictione
1190 3107 1224 3164 ll

119 3200 183 3236 unm
272 3217 279 3232 .

225 3248 350 3304 Dominus
366 3249 478 3312 Ioannes
494 3249 656 3316 comnenus,
679 3248 938 3320 Porphyrogenitus,
962 3247 1119 3317 filiuseius,
1142 3247 1225 3320 impe·

122 3338 183 3375 rare
206 3319 294 3389 coepit
310 3317 353 3370 die
372 3319 405 3370 15
422 3317 552 3387 Augusti,
577 3318 720 3374 indictione
737 3322 771 3375 ll
789 3319 851 3374 enni
867 3317 951 3388 6626,
979 3323 1006 3370 et
1021 3319 1066 3390 pie
1082 3317 1224 3388 imperarit

123 3407 205 3444 annos
222 3391 258 3444 24
275 3403 375 3440 menses
394 3385 410 3442 7
425 3387 483 3440 dies
501 3386 545 3440 23.

225 3458 311 3514 Filius
337 3457 394 3509 eius
419 3456 665 3526 Porphyrogenitus
689 3456 798 3510 Munuel
822 3458 968 3511 Comnenus
990 3457 1119 3528 imperare
1136 3456 1225 3528 coepit

121 3529 206 3602 primo
231 3527 274 3580 die
299 3526 414 3596 Aprilis,
438 3527 585 3579 indictione
602 3527 619 3582 6
642 3526 704 3578 unni
720 3528 803 3595 6661,
828 3533 857 3582 ct
873 3527 1015 3598 imperavit
1026 3528 1072 3652 ρὶε
1090 3545 1172 3582 annos
1189 3525 1225 3584 ³⁷

121 3599 260 3652 monnesio
283 3595 339 3648 dies
356 3596 400 3650 23.
435 3597 504 3649 obiit
525 3596 560 3649 24
583 3597 626 3648 die
648 3595 827 3667 Septembris,
852 3597 1024 3650 indictionel
1068 3599 1129 3651 enni
1146 3596 1224 3664 6689,

122 3667 189 3721 horu
205 3667 299 3736 tertie,
325 3672 354 3718 et
370 3670 470 3718 muteto
488 3667 589 3719 nomine
607 3666 693 3720 dictus
710 3667 763 3720 fuit
776 3667 926 3722 Matthaeus
944 3667 1091 3723 monachus.
1125 3667 1225 3721 decimo

122 3744 210 3791 nutem
234 3737 278 3790 dic
304 3735 480 3806 Septembris,
507 3735 650 3788 indictione
672 3737 690 3790 3
714 3736 777 3790 anni
799 3734 882 3805 6678,
908 3737 968 3790 sive
987 3753 1053 3790 anno
1070 3735 1106 3792 28
1122 3735 1225 3808 imperii

121 3808 196 3874 eius,
216 3814 293 3860 natus
311 3813 351 3858 est
367 3805 555 3876 pulcherrimus
571 3806 641 3872 filius
658 3807 714 3858 eius
731 3806 974 3876 Porphyrogenitus
987 3805 1105 3862 dominus
1115 3805 1226 3860 Alexius

122 3878 283 3930 comnenus.
319 3881 459 3928 coronatus
484 3881 572 3928 eutem
597 3880 638 3928 est
661 3891 677 3927 e
702 3881 778 3946 putre
799 3876 940 3930 indictione
956 3877 972 3928 5
991 3877 1052 3930 enni
1069 3876 1146 3934 6686.
1180 3873 1224 3926 die

122 3951 211 3998 nutem
228 3945 262 4002 17
279 3945 454 4014 Septembris,
473 3945 614 4000 indictione
632 3947 666 3999 10
683 3945 842 4010 sinitote,
860 3946 968 4017 imperio
981 3946 1094 4001 decessit
1104 3943 1224 3998 dominus

121 4013 231 4068 Menuel
254 4015 410 4070 comnenus.
443 4015 589 4068 indictione
610 4030 673 4068 vcro
691 4016 726 4070 13
743 4015 805 4068 unni
821 4015 905 4084 6688,
929 4017 1042 4070 seeundo
1060 4017 1103 4070 die
1119 4009 1224 4081 Martii,

123 4083 168 4134 die
194 4084 338 4150 dominice,
364 4085 468 4138 domino
490 4084 583 4138 Alexio
605 4085 661 4137 filio
683 4103 730 4138 suo
751 4085 778 4138 in
798 4085 985 4140 matrimonium
1003 4086 1077 4138 dedit
1093 4082 1223 4135 dominam

122 4153 240 4216 Annam,
271 4153 423 4208 nobilissimi
450 4155 522 4224 regis
552 4155 682 4209 Francius
707 4155 801 4222 filiam,
833 4173 891 4211 oum
915 4156 1062 4210 arrhabone
1087 4150 1224 4220 orationis,

121 4238 204 4294 opere
229 4220 325 4277 donini
346 4223 490 4280 Theodosii
509 4224 674 4298 patriarchae
695 4223 860 4282 Antioohiae.
895 4230 1027 4280 caeterum
1050 4219 1094 4276 die
1113 4219 1149 4276 24
1171 4219 1222 4304 Se-
