2814 4608
193 223 267 296 202
302 221 457 291 ΡΗΟΤΠ
481 219 603 289 PATR.
629 219 690 290 GP.
715 221 977 292 DESCRIPTIO
1002 221 1120 292 Ecca
1145 226 1250 295 NOV.

190 419 248 496 τῆς
261 409 410 501 δμετέρας
426 405 541 490 δυάδος
556 406 577 494 ἦ
591 408 680 497 τριὰς
691 406 825 492 εύσεβολς
835 409 1040 497 λατρευομίνη
1052 436 1086 478 τε
1099 413 1152 477 καὶ
1163 438 1300 502 προσκο-

189 515 337 600 νουμίνη,
362 513 419 601 τὴν
438 511 549 598 ἑαυτῆς
564 509 710 598 πρόνοιαν
727 516 771 590 είς
785 509 903 592 πάντας
921 509 1094 592 ἓξαπλοῦσύ
1110 541 1144 582 τε
1160 520 1214 584 ναὶ
1231 523 1299 586 διο-

90 699 93 704 .
189 616 413 708 πορθμεύοντα
417 666 428 700 ,
452 623 559 708 σοφῶς
574 619 777 702 πηδαλιουχεῖ
788 620 840 684 καὶ
857 620 1042 712 διακυβερνᾷ
1058 618 1094 684 τὸ
1110 615 1258 702 ὖπήιιοον.

150 731 175 784 Ι)
293 723 427 812 Χαίρετε
455 723 507 788 noi
532 718 634 804 ύμεΐς,
660 711 687 788 ολ
709 727 765 805 τῆς
785 725 903 806 βουλῆς
924 723 1068 811 πατέρες,
1092 725 1186 792 πολιὰ
1204 727 1298 812 σεμνὴ

190 830 241 895 ιιαλ
263 827 437 912 αἰδέσιμος,
463 831 563 915 πιστῷ
585 828 637 891 καλ
659 821 784 916 μεγάλῳ
799 827 988 909 βασιλεΐιιαλ
1004 832 1146 918 οεβαοτρλ
1164 847 1320 900 σύντονα-5
1384 821 1385 906 ί

187 927 388 1015 ιιαινιζόμενοι
419 930 573 1017 Καίσαρι,
599 933 656 994 τού
682 925 875 1018 περιωνύμου
900 937 978 996 ναοῦ
1004 929 1235 1019 σονεορτύζοντι
1260 934 1296 1001 soi
1384 919 1385 994 ί

187 1035 415 1122 ἑγιιαινίσματα.
462 1034 563 1120 χαίρει
580 1033 681 1098 δὲκαὶ
698 1033 948 1122 ουνευφραίνεται
965 1035 1017 1100 καὶ
1033 1033 1106 1102 ὅσον
1121 1036 1297 1125 ἱεροφαντι-
1384 1033 1385 1076 ί

187 1133 242 1204 κόν
267 1163 300 1205 τε
324 1140 375 1204 καλ
400 1135 563 1226 ἀρχιερέων
587 1131 756 1225 πλήρωμα,
783 1140 892 1206 castos
907 1137 995 1216 κλίος
1010 1141 1062 1204 οιαὶ
1079 1136 1225 1224 καύχημα
1242 1141 1296 1226 τὴν

186 1247 245 1310 τοῦ
270 1250 346 1308 ναοῦ
371 1236 546 1324 ποιούμενοι
573 1241 771 1330 καθιέρωσιν.
817 1241 941 1329 χαίρετε
967 1242 1002 1308 δὲ
1025 1244 1077 1308 καί
1100 1241 1297 1332 συχχορεύετε

186 1347 238 1412 καλ
255 1341 360 1430 ύμεΐς,
386 1337 412 1411 ὦ
429 1339 596 1410 ύπδλοιπον
612 1346 664 1410 καί
682 1341 832 1436 φιλόθεον
848 1343 1010 1434 ἄθροισμα
1016 1393 1028 1426 ,
1053 1343 1147 1414 ἄλλον
1164 1348 1293 1436 οὐρανὸν
1302 1363 1332 1416 1⁰

147 1453 172 1507 [i
189 1447 319 1539 ὁρῶντες
341 1451 390 1516 tut
411 1453 468 1536 γῆς
482 1448 537 1517 τὸν
552 1453 607 1533 τῆς
623 1449 780 1536 παρθένου
797 1447 872 1516 ναὸν
888 1446 1127 1535 ἔχειαινιζύμενον
1145 1449 1294 1540 σήμερον·

184 1544 224 1640 ἧς
239 1563 306 1632 τοῖς
321 1554 495 1643 πρεσβείαις
510 1549 651 1638 τύχοιμεν
668 1551 799 1632 ἅπαντες
813 1555 866 1619 καὶ
882 1559 938 1638 τῆς
952 1555 1108 1641 μακαρίας
1119 1557 1233 1641 ἐκείνης
1244 1559 1295 1622 καὶ

187 1656 386 1743 ἀτελευτήτου
399 1653 529 1746 χάριτος
544 1659 594 1722 soi
611 1654 820 1744 ἀγαλλιάσεως
837 1658 869 1722 ἔν
881 1661 1012 1748 Χριστῷ
1025 1658 1123 1742 Ἰησοῦ
1139 1665 1187 1749 τῷ
1198 1661 1294 1750 κυρίῳ

184 1757 290 1847 ἡμῶν,
315 1752 342 1854 ᾧ
360 1759 382 1846 ἡ
400 1757 477 1840 δόξα
492 1761 545 1827 καὶ
560 1759 595 1828 τδ
615 1759 727 1849 κράτος
744 1768 799 1828 νύν
815 1763 867 1828 uni
884 1761 932 1827 ἀεὶ
950 1764 1002 1828 καλ
1021 1765 1060 1839 εἷς
1075 1761 1146 1839 τούς
1164 1765 1295 1841 αἰῶνας.

184 1861 279 1951 ἀμήν.
1301 1878 1332 1934 15

185 2081 255 2136 anim
279 2079 389 2134 duosam
411 2081 566 2134 sociatatam
588 2077 696 2134 trinitas
716 2077 763 2150 pis
778 2077 849 2132 culta
866 2081 894 2131 at
910 2075 1035 2146 adorata,
1060 2091 1133 2132 snam
1148 2074 1183 2129 ad
1201 2091 1295 2132 omncs

182 2149 379 2221 providentiam
401 2151 535 2220 explicans
557 2154 586 2204 ct
608 2148 801 2216 mmsmittaas,
827 2146 963 2218 sapienter
985 2145 1106 2202 sabditos
1121 2147 1193 2217 ragit
1211 2152 1295 2216 atquc

183 2219 342 2339 gubernas
370 2300 476 2354 quoquc
503 2285 631 2355 gaudeto,
660 2291 750 2358 patras
775 2284 934 2356 conscripti,
961 2284 1054 2358 gravia
1077 2284 1293 2356 venerabilisque

183 2359 308 2425 sanatus,
335 2354 381 2424 qai
406 2370 463 2407 com
487 2355 560 2408 fidoli
580 2360 661 2425 atqua
684 2371 779 2428 magno
800 2357 960 2425 imperatore
984 2359 1013 2408 et
1034 2354 1154 2425 Angusto
1177 2372 1292 2408 accam

184 2427 302 2481 Caesare
330 2423 470 2478 clarissimi
497 2423 589 2495 tempii
617 2425 745 2479 encaenia
769 2424 828 2496 pari
852 2431 918 2479 voto
943 2423 1094 2480 celebranto
1117 2424 1292 2480 renovamini.

183 2496 283 2567 gaudet
299 2511 365 2549 vcro
381 2499 410 2546 ot
425 2509 479 2548 naa
494 2495 610 2548 lactatur
624 2500 698 2549 totns
714 2495 893 2635 opiscogornm
911 2499 939 2548 ct
956 2494 1100 2548 antistitum
1118 2502 1224 2562 coctus,
1245 2494 1293 2564 qni

183 2565 274 2636 templi
290 2563 513 2619 consecrationem
529 2565 610 2620 docus
627 2565 680 2618 sibi
696 2572 777 2636 atqua
822 2565 905 2618 oriam
920 2567 1043 2619 conterre
1057 2563 1141 2622 ducit.
1175 2563 1294 2634 gandete

182 2635 248 2690 item
265 2651 297 2687 ac
313 2633 424 2686 choroas
440 2633 513 2704 agito
529 2651 593 2704 vos,
617 2651 633 2688 o
649 2633 774 2706 religiosa
789 2633 945 2703 multitudo,
969 2632 1039 2688 alind
1055 2635 1158 2690 osclara
1172 2635 1200 2687 in
1215 2641 1293 2688 terra

181 2705 319 2774 videntes,
344 2702 458 2773 virginis
474 2705 611 2776 tempium,
635 2705 711 2758 onius
729 2705 806 2758 hodic
823 2703 947 2758 encaenia
963 2704 1085 2768 coiimns;
1113 2703 1187 2756 cuins
1204 2703 1293 2756 intor-

182 2773 345 2829 cossionibus
367 2773 468 2827 utinam
487 2793 576 2828 omncs
593 2776 688 2828 beatae
704 2775 775 2828 iilius
792 2782 820 2828 ct
836 2773 988 2827 immortalis
1005 2774 1108 2843 gratiae
1124 2792 1157 2826 ac
1174 2773 1293 2826 exsulta-

182 2845 262 2900 tionis
281 2850 415 2916 compotes
431 2843 577 2900 efficiamur
592 2845 620 2898 in
637 2843 743 2898 Christo
760 2845 823 2899 Iesu
838 2843 944 2898 domino
961 2852 1069 2914 nostro,
1096 2843 1140 2898 cai
1158 2843 1247 2914 gloria
1265 2850 1293 2895 ct

181 2914 319 2988 imperinm
340 2931 409 2969 nunc
425 2919 455 2968 et
471 2931 574 2987 sompes
591 2920 619 2970 at
633 2915 663 2970 in
681 2915 794 2970 saccula.
829 2927 914 2968 amen.
