2802 4636
169 310 219 377 16
513 300 732 372 GEORGIUS
755 301 943 372 GODlNUS

166 490 255 574 οὗτος
273 496 307 560 δὲ
323 501 376 578 τῆς
394 488 563 578 συγκλήτου
580 498 697 577 βουλῆς
713 491 852 576 ἐποίησεν
869 491 987 571 aliove,
1014 494 1065 558 καί
1082 492 1210 561 σενότον
1226 497 1280 563 τὸν

165 600 260 668 τόπον
284 595 457 680 ὠνόμασεν,
491 598 523 660 ἓν
547 591 596 673 οἷς
619 599 670 661 καί
694 596 730 662 τδ
757 601 812 662 ταῶ
835 596 1027 664 Δωδωναίου
1050 598 1131 676 Διός
1154 602 1282 666 ἵσταται

165 705 290 791 ἀγαλμα
308 705 359 766 καὶ
377 698 433 766 δόο
450 707 506 785 τής
517 697 688 776 Παλλάδος
704 697 869 788 ἱδρόματα.
920 700 1158 788 ἐφιλοτιμήσατο
1176 705 1210 769 δὲ
1227 709 1280 769 καί

165 816 209 898 τῷ
228 806 317 894 δήμῳ
334 805 413 872 καθ’
432 801 466 869 ‘s'v
484 805 610 871 ἕκαστον
627 803 694 882 ίτος
710 804 851 891 παρίχων
865 801 978 891 ἀρτους
989 802 1191 895 ήμερησίους,
1210 807 1281 876 δνσ-

164 910 269 996 μιίσας
286 909 398 986 αὐτοὺς
415 911 599 985 παλατίυους
608 957 618 989 ,
644 907 717 985 τοδς
734 909 766 974 ἐκ
784 914 839 974 τοῦ
855 910 1006 975 παλατίσυ
1019 912 1306 996 χορηγουμίνους,5

74 1059 77 1066 1
165 1013 246 1082 οίνόν
263 1041 295 1080 τε
313 1017 364 1079 καί
381 1014 472 1098 κρίας
489 1015 540 1078 καί
557 1011 658 1078 ἔλαιον
674 1013 726 1078 καί
743 1013 900 1100 σιτηρεσία
916 1009 1028 1092 τόξας,
1054 1005 1097 1080 ῶν
1122 1018 1173 1080 καί
1190 1016 1281 1103 μίχρι

164 1127 222 1186 τοῦ
244 1126 298 1185 νῦν
320 1115 341 1200 ή
366 1115 454 1195 πόλις
478 1115 644 1198 ἀπολαόει,
669 1122 731 1182 τῶν
755 1113 814 1182 ἀπ’
841 1115 937 1182 αὖτοῦ
959 1115 1109 1204 ῥιφέντων
1132 1117 1281 1203 καλάμων

125 1243 148 1297 Β
167 1225 304 1313 φέρουσα
320 1223 361 1287 sd
378 1223 585 1309 γνωρίσματα.
636 1217 749 1304 νόμους
765 1245 797 1286 τε
823 1223 874 1284 καί
896 1219 1073 1303 συμβόλαια
1100 1221 1180 1288 καθ’
1207 1221 1281 1288 ἑκό-

166 1355 242 1413 στην
259 1329 357 1404 τιθείς
375 1325 435 1392 ἀπὸ
453 1333 508 1392 τοῦ
524 1328 684 1407 βελτίστου
701 1327 752 1389 καὶ
775 1325 912 1403 δικαίου,
938 1325 1051 1408 τείχεσί
1071 1352 1104 1391 τε
1126 1328 1281 1412 μεγίστοις

165 1434 355 1520 περικλείσας
371 1430 426 1512 τήν
443 1428 546 1510 πόλιν,
563 1433 615 1496 καὶ
633 1425 795 1518 διαφόροις
811 1426 969 1512 κοσμήσας
985 1426 1119 1517 τρόποις
1129 1434 1172 1507 εἰς
1189 1433 1277 1515 ζῆλον
1288 1445 1322 1497 10

164 1545 220 1620 τῆς
242 1535 451 1624 πρεσβυτέρας
463 1531 582 1619 Ῥῶμης
605 1533 861 1621 περιφανεστίραν
886 1532 1047 1610 ἀπίδειξεν.
1099 1532 1280 1624 ᾠκοδόμησε

165 1642 200 1706 dt
217 1643 249 1705 ἒν
266 1637 399 1728 πρώτοις
416 1639 516 1726 ἱεροὺς
534 1639 635 1714 οἴκους
653 1635 708 1703 doio
717 1686 727 1716 ,
740 1637 806 1701 ’ἕνα
822 1637 879 1718 μίν
896 1635 947 1701 ἐπ’
973 1635 1102 1720 ὀνόματι
1119 1645 1175 1722 τῆς
1192 1636 1281 1723 ἁγίας

163 1743 300 1832 Εἰρήνης
305 1792 316 1824 ,
342 1743 444 1828 ἕτερον
462 1744 495 1808 δὲ
511 1750 573 1808 τῶν
590 1739 683 1828 ἁγίων
700 1735 899 1820 ἀποστόλων,
926 1743 977 1805 καὶ
994 1741 1033 1806 τά
1051 1751 1113 1807 τῶν
1125 1739 1280 1827 Ἑλλήνων

164 1846 285 1912 ἅπαντα
301 1853 428 1912 καθεῖλε
444 1843 684 1933 θρησκεόματα·
703 1843 767 1910 elsa
780 1846 831 1908 καί
843 1843 956 1921 ἀλλους
966 1845 1099 1923 πολλοὺς
1113 1845 1279 1933 ἀνήγειρεν,

165 1951 219 2029 οὓς
235 1952 306 2034 μετ’
326 1951 426 2037 ὀλίγον
443 1950 583 2034 εἴπωμεν.
614 1950 710 2017 ίκτισε
729 1951 762 2015 δὲ
780 1944 933 2034 τήνάγίαν
944 1952 1064 2037 Σοφίαν
1080 1948 1277 2036 ξυλόστεγον·
1288 1965 1320 2018 rt

163 2056 225 2143 ἀφ’
244 2047 281 2140 ής
299 2055 504 2143 ἀφῃρέθησαν
520 2061 629 2140 στῆλαι
646 2049 839 2143 τετρακόσιαι
856 2051 951 2119 alitum
967 2051 1061 2132 ἕπτό,
1079 2056 1131 2119 καί
1148 2057 1282 2131 πλείονες

164 2160 220 2244 μὲν
233 2157 386 2242 Ἑλλήνων
401 2157 612 2243 δπόρχσυσαι,
637 2159 717 2234 Διὸς
734 2160 785 2222 καί
803 2153 913 2242 Κόρου
931 2163 986 2222 τοῦ
1009 2158 1126 2243 πατρὸς
1143 2158 1281 2243 Διοκλη-

164 2268 289 2340 τιανοῦ,
315 2263 367 2324 καί
392 2260 427 2324 τὸ
454 2258 688 2340 δωδεκόζωδον,
714 2262 766 2324 καί
791 2256 812 2342 ή
837 2257 965 2343 σελήνη,
991 2263 1043 2325 καί
1068 2259 1279 2350 ήἈφροδίτη,

125 2379 149 2433 0
168 2367 219 2430 καί
238 2361 254 2430 δ
273 2364 442 2451 ἀρκτοῦρος
459 2360 574 2450 ἀστήρ,
595 2362 681 2447 παρὰ
699 2359 754 2426 δόο
770 2365 934 2447 Περσικῶν
951 2370 1069 2448 στηλῶν
1084 2365 1280 2451 βασταζόμε-

163 2494 233 2546 νος,
252 2464 268 2533 ὁ
286 2463 386 2544 νότιος
402 2464 511 2546 πόλος,
529 2469 580 2533 καὶ
598 2464 618 2551 ή
639 2465 732 2552 ἱέρεια
749 2472 803 2550 τῆς
814 2466 950 2550 Ἀθηνᾶς
956 2515 967 2547 ,
994 2468 1054 2534 ἀπδ
1071 2477 1127 2536 τοῶ
1143 2476 1320 2558 πλευροῶλο

159 2569 282 2659 Ἰίρωνα
299 2570 352 2636 τόν
370 2569 543 2658 φιλόσοφον
557 2567 780 2656 μαντευόμενον
797 2569 927 2654 δήσασα,
953 2577 1014 2638 τῶν
1031 2573 1065 2637 δὲ
1081 2577 1279 2661 Χριστιανῶν

164 2676 264 2762 ἀλίγαι
283 2675 361 2752 τινές
369 2723 380 2754 ,
406 2672 448 2752 ῶς
465 2672 556 2742 εἶπον.
608 2673 705 2740 ἔκτισε
723 2675 757 2739 δὲ
774 2676 825 2738 καί
841 2673 894 2740 τδν
911 2675 986 2740 ναδν
1003 2683 1058 2744 τοῦ
1083 2675 1173 2762 ἁγίου
1186 2677 1278 2764 Ἀγα-

234 2847 418 2924 λοίνεστησεν
435 2853 497 2909 vat.
622 2858 655 2910 lt
678 2852 793 2923 εἴπομεν
810 2855 899 2980 vulpe.
1021 2851 1054 2910 di
1072 2857 1211 2926 δρομικην
1224 2853 1277 2926 τήν

233 2921 318 2992 ἁγίαν
341 2924 446 2993 σοφίαν
470 2923 519 2978 καί
544 2923 569 2990 ξ.
596 2927 659 2979 Vat.
798 2925 834 2977 20
877 2923 952 2995 ριδία
982 2926 1044 2982 vet
1070 2921 1191 2997 ίερίβοια
1220 2929 1275 2984 alii.

233 2997 268 3051 21
287 2991 384 3065 ήροινοι
402 2995 463 3063 alii,
480 2995 574 3049 omisso
592 3012 653 3049 mox
669 2989 885 3064 μαντευόμενον.

164 3169 222 3206 mee
247 3151 415 3204 hebdomadis
441 3149 573 3220 apparuit.
613 3150 682 3204 idem
712 3149 901 3204 Constantinus
928 3167 1033 3222 quoque
1057 3150 1162 3204 senatui
1187 3151 1276 3202 curias

165 3221 332 3286 aedificavit,
357 3229 385 3273 et
400 3221 485 3273 locum
503 3220 648 3274 nominavit
666 3230 796 3274 senatum.
832 3222 872 3274 ibi
889 3221 959 3274 lovis
975 3220 1114 3273 Dodonaei
1129 3220 1231 3288 signum
1250 3228 1277 3271 et

165 3294 233 3344 duae
244 3291 358 3343 Palladis
376 3297 481 3342 statuae
495 3299 560 3342 sunt
576 3290 688 3360 positae.
722 3291 819 3360 populo
837 3293 913 3344 etiem
930 3291 1086 3344 demerendo
1104 3289 1214 3358 singulis
1229 3306 1277 3340 arr-

166 3361 206 3412 nis
222 3378 305 3428 panes
328 3361 434 3412 diurnos
455 3359 584 3426 elargitus
608 3367 666 3426 est,
696 3377 761 3428 quos
786 3361 934 3430 palatinos,
964 3377 995 3412 eo
1020 3359 1090 3430 quud
1115 3376 1149 3410 ex
1177 3359 1276 3429 peletio

165 3432 371 3501 praeberentur,
389 3428 544 3482 nominavit.
581 3430 670 3482 vinum
686 3429 809 3500 insuper,
835 3448 943 3496 carnes,
971 3431 1057 3482 oleum
1074 3437 1102 3481 et
1117 3431 1275 3482 frumentum

164 3499 289 3552 distribui
305 3499 435 3566 instituit,
453 3498 549 3568 quibus
567 3499 646 3552 etiam
663 3515 746 3568 usque
762 3499 927 3570 impraesens
941 3509 1043 3568 tempus
1056 3499 1153 3550 civitas
1169 3498 1276 3562 fruitur,

163 3569 339 3636 symbolorum
356 3569 412 3620 loco
429 3577 544 3620 tesseras
562 3570 595 3621 ab
611 3569 670 3640 ipso
685 3586 792 3639 sparsas
810 3571 959 3640 proferens.
994 3575 1133 3638 praeterea
1149 3585 1276 3620 commer-

166 3639 264 3692 ciorum
282 3639 354 3705 leges
373 3655 407 3690 ex
424 3655 508 3706 aequo
525 3644 554 3690 et
571 3640 640 3690 bono
658 3639 851 3708 promulgavit,
872 3648 899 3691 et
916 3641 1007 3692 urbem
1019 3638 1100 3690 muris
1112 3636 1277 3706 amplissimis

163 3708 273 3776 cingens
291 3708 417 3777 varieque
435 3724 566 3760 exornans
585 3709 616 3760 ad
634 3707 720 3760 instar
736 3708 836 3762 veteris
854 3708 952 3762 Romae
968 3707 1172 3778 splendidiorem
1188 3706 1277 3760 reddi·

164 3778 212 3830 dit.
249 3775 375 3846 imprimis
392 3776 443 3830 duo
462 3778 560 3847 templa
578 3777 724 3845 exstruxit,
754 3794 832 3830 unum
851 3779 883 3832 S.
902 3779 993 3831 Irenes
1011 3779 1122 3830 alterum
1140 3776 1193 3830 SS.
1211 3793 1276 3844 upo-

163 3848 299 3901 stolorum.
329 3853 384 3899 tum
398 3864 494 3900 omues
511 3865 671 3918 paganorum
689 3847 890 3918 superstitiones
906 3848 1056 3918 abrogavit.
1087 3847 1163 3915 plura
1183 3845 1277 3898 deinde

163 3917 216 3971 alia
233 3917 329 3986 templa
346 3916 511 3982 aedificavit,
531 3917 564 3968 de
583 3918 678 3986 quibus
696 3916 775 3986 paulo
795 3925 856 3988 post
873 3917 999 3970 dicemus.
1035 3917 1158 3986 templum
1178 3915 1208 3968 S.
1226 3913 1277 3967 So·

164 3988 242 4058 plaiae
268 3987 357 4054 ligneo
381 3993 451 4039 teoto
477 3995 596 4055 opertum
620 3986 755 4053 condidit,
786 3987 854 4040 unde
878 3987 931 4043 427
953 3997 1059 4040 statuae
1083 3986 1188 4038 ablatae
1205 3991 1276 4053 sunt,

164 4073 275 4140 quarum
293 4057 375 4109 maior
392 4073 455 4125 pers
477 4057 552 4108 fuere
569 4056 720 4125 gentilium,
750 4056 823 4108 Iovis
846 4056 969 4109 videlicet
992 4063 1020 4108 et
1038 4055 1105 4108 Cari
1129 4062 1156 4106 et
1171 4053 1277 4108 Diocle·

165 4126 246 4187 treni;
276 4133 418 4195 praeterea
434 4125 570 4178 duodecim
587 4125 680 4194 signa,
709 4126 785 4178 Luna
809 4141 915 4194 quoque
938 4134 968 4178 et
985 4127 1092 4189 Venus,
1122 4131 1151 4176 et
1166 4123 1277 4176 Arcturi

164 4194 238 4247 sidus
259 4197 361 4250 duabus
378 4194 491 4248 Persicis
509 4195 634 4248 columnis
651 4195 819 4266 impositum,
838 4204 867 4247 et
883 4195 959 4263 polus
977 4195 1116 4260 australis,
1142 4201 1170 4246 et
1186 4209 1276 4245 secer-

164 4264 213 4316 dos
232 4264 385 4332 Minervae,
414 4264 559 4318 Hieronem
583 4263 766 4334 philosophum
793 4263 980 4318 vaticinantem
1007 4281 1024 4315 a
1048 4265 1132 4316 latere
1159 4261 1275 4324 habens;

165 4333 376 4390 Christianorum
394 4351 458 4388 vero
477 4334 613 4388 admodum
629 4350 743 4404 paucae,
762 4338 793 4385 ut
814 4331 880 4386 dixi.
915 4332 1047 4388 exstruxit
1064 4332 1143 4386 etiam
1163 4330 1275 4400 optimus
