2808 4616
468 273 527 336 DE
552 271 779 338 AEDIFICHS
806 271 867 338 GP.
1170 271 1221 343 89

117 489 218 552 φοντα
249 460 344 536 αίίτως
371 455 683 542 “οἰνακαινισθήσεται
710 457 727 524 5
755 460 828 536 ναὸς
854 451 943 536 οὗτος
970 462 1012 536 εἰς
1034 456 1146 537 κάλλος
1170 466 1222 527 καὶ

117 571 250 653 μέγεθος
254 614 264 644 ,
289 555 322 630 εὖ
339 559 425 629 οἶδα·
450 560 524 630 τάδε
540 590 594 646 μοι
611 565 689 649 λέγει
705 562 740 628 τὸ
757 570 875 648 πνεῦμα
891 564 926 630 τὸ
946 561 1064 648 ἅγιον.”
1116 566 1222 652 πρώην

118 672 180 759 γὰρ
205 665 357 756 εῧκτήρων
381 669 491 754 μικρὸν
513 657 551 752 ἦν
575 665 595 750 ή
622 665 693 753 ἁγία
718 665 884 745 ἀνάστασις
909 669 960 732 καὶ
985 665 1222 753 ξυλότροαλλος·

120 775 136 840 5
162 775 194 838 δὲ
215 774 375 848 Βασίλειος
396 769 412 836 5
429 772 588 838 Μακεδὼν
605 772 767 836 ἒσκίτιασεν
784 773 879 856 αὐτήν
896 772 940 836 δι’
959 769 1077 858 ὀρόφου
1093 780 1223 857 χροσσῦ.

90 879 196 945 ὁᾶλλὰ
213 879 263 942 καί
279 875 335 959 τήν
354 872 441 958 ἁγίαν
457 874 592 964 Εἰρήνην
607 875 643 941 τὸ
660 876 783 962 πίραμα
800 873 816 942 5
835 875 928 953 αὐτὸς
944 872 1027 954 ὅσιος
1039 877 1224 962 Μαρκιανὸς

115 983 211 1047 ἔκτισε
235 983 288 1046 καὶ
312 981 498 1060 ἐτελείωσεν,
525 983 676 1048 είδωλεῖον
691 977 797 1067 πρώην
813 976 1024 1070 ὑπάρχουσαν.
1077 975 1223 1058 ὡσαύτως

114 1087 150 1150 δὲ
167 1088 218 1151 καὶ
235 1085 271 1150 τὸ
288 1093 491 1166 νοσοκομεῖον.

220 1188 286 1254 Τὸν
311 1189 344 1251 δὲ
368 1187 453 1272 ἅγιον
479 1181 641 1272 Θεόδωρον
664 1184 702 1250 τὰ
720 1182 930 1275 καρβοννοίρια
943 1182 1081 1274 Ἶλαρίων
1097 1211 1145 1264 τις
1160 1211 1223 1252 πα-

112 1293 231 1380 τρίκιος
248 1293 280 1357 ἐν
297 1300 361 1367 τοῖς
374 1288 498 1376 χρόνοις
515 1295 570 1354 τοῦ
586 1289 797 1370 Λεωμακίλου
815 1288 963 1378 ἀνήγειρε.

66 1411 103 1466 10
216 1392 255 1460 Ὅ
284 1393 358 1472 ναὸς
387 1399 448 1459 τῶν
478 1390 570 1478 ἁγίων
598 1389 825 1478 τεσσαράκοντα
853 1390 1040 1480 πραιτώριον
1070 1389 1262 1478 ἓτιίγχανε.1)

113 1498 264 1585 Τιβέριος
294 1498 327 1562 δὲ
357 1493 373 1561 5
407 1496 495 1588 Θρήιξ
525 1495 582 1562 σὺν
611 1501 649 1582 τῇ
678 1497 796 1580 γυναικὶ
827 1496 921 1560 αὐτοῦ
945 1495 1128 1586 Ἀναστασίρι
1153 1497 1226 1575 τοὺς

112 1603 262 1686 δεσμίους
285 1599 440 1687 ἐξαγαγών
445 1648 456 1680 ,
490 1601 541 1665 καὶ
566 1597 619 1664 τὸν
643 1595 736 1664 τόπον
758 1599 1009 1686 ἀνακαθαρίσας,
1042 1599 1226 1681 ἐθεμελίωσε

110 1704 171 1770 τὸν
196 1705 271 1770 ναὸν
295 1711 356 1770 τῶν
380 1701 473 1790 ἁγίων
496 1698 740 1788 τεσσαράκοντα,
767 1704 818 1766 καὶ
841 1705 964 1786 ἐξέβαλε
980 1702 1020 1768 τὰ
1037 1703 1119 1786 τείχη
1135 1703 1226 1790 μέχρι

113 1815 224 1893 πηχῶν
239 1807 406 1895 τεσσάρων.
457 1805 691 1892 τελευτήσαντος
709 1807 741 1870 δὲ
758 1805 854 1871 αὐτοῦ
866 1808 1043 1894 Μανρίκιος
1056 1803 1072 1869 5
1085 1807 1226 1894 γαμβρὸς

67 1921 104 1976 15
119 1913 214 1979 αὐτοῦ
232 1911 388 2000 κρατήσας
405 1909 599 1998 ἀνεπλήρωσε
616 1910 670 1975 τὸν
686 1909 760 1974 ναὸν
778 1913 828 1974 καὶ
845 1908 1003 1998 ἓθρόνισεν
1020 1907 1123 1974 αὐτόν.

222 2016 287 2080 Τὸν
304 2014 391 2100 ἅγιον
407 2020 538 2079 Παῦλον
554 2015 589 2080 τὸ
607 2014 869 2100 ὀρφανοτροφεῖον
879 2014 1041 2089 Ἰοοστῖνος
1057 2015 1108 2077 καὶ
1122 2014 1224 2099 Σοφία

116 2115 280 2203 ἀνήγειραν
304 2118 333 2182 οἱ
357 2119 543 2202 ἀείμνηστοι.
594 2113 741 2194 ὡσαύτως
764 2119 798 2182 δὲ
821 2118 947 2184 καὶτὸν
970 2115 1054 2184 ὅσιον
1075 2115 1224 2196 zuccula,

187 2347 206 2401 3
229 2341 387 2398 ’Λνοιστασία
406 2345 439 2398 G.
561 2338 683 2397 δίκαιαε
699 2373 735 2382 -
750 2359 851 2397 νοσοκο
872 2345 949 2413 εἴον]
974 2339 1130 2413 οίνήγειρεν.
1156 2343 1172 2400 5
1191 2340 1226 2400 dh

188 2409 269 2482 ἅγιος
296 2411 449 2482 Γρηγόριος
474 2410 491 2466 5
515 2408 653 2480 θεολόγος
677 2408 820 2468 ἐδίδασκεν
846 2359 877 2470 ίίι
901 2415 941 2485 τῷ
968 2409 1047 2482 αὐτῷ
1071 2417 1132 2487 ναῷ
1158 2410 1225 2478 τοὺς

187 2478 378 2552 ὄρθοδόξοος,
402 2477 538 2570 εήκτηοίιρ
563 2477 631 2551 οῧση
655 2482 693 2569 up:
715 2477 854 2554 ἐκκλησίᾳ.
886 2477 1041 2536 Ἅνᾰσιασιν
1063 2481 1095 2536 δὲ
1117 2482 1225 2552 ταύτην

188 2548 204 2606 5
223 2548 342 2620 ίστοριὸν
363 2550 448 2637 φησίν
465 2549 655 2619 ονομοίζεσθαι
671 2570 690 2618 η
711 2549 759 2604 dccl
779 2547 832 2621 τήν
848 2552 899 2621 τῆς
915 2547 1006 2621 ὀρθῆς
1021 2551 1136 2616 πίστεως
1153 2549 1225 2608 ἀνοί-

187 2637 299 2689 στασιν,
324 2613 344 2688 ἦ
361 2621 410 2674 δια
428 2616 460 2674 τὸ
477 2626 597 2688 γυναῖκα
615 2614 753 2689 ἐγκύμονα
772 2623 911 2676 πεσοῦσαν
927 2624 1101 2692 τελευτῆσαι·
1127 2623 1225 2692 κοινής

187 2687 220 2745 dh
237 2687 293 2744 ὑπὸ
313 2692 370 2744 τῶν
384 2686 551 2759 ὀρθοδόξων
569 2687 719 2758 γενομένης
735 2684 816 2760 εὐχῆς
832 2688 943 2760 οἷνέστη.
962 2693 995 2747 0.
1109 2694 1127 2748 8
1143 2713 1171 2763 p.
1190 2691 1224 2748 17

185 2761 271 2815 Band.
399 2760 595 2830 καρβωναρεῖοι
612 2759 675 2814 Vat.
796 2758 940 2830 9γαόνοις
955 2757 1078 2824 Λέοντος
1093 2764 1225 2816 τοῦΜα-

189 2826 273 2882 κε’λοο
291 2829 325 2881 C.
460 2831 494 2882 10
512 2847 540 2898 p.
560 2828 593 2883 17
610 2829 695 2881 Bond.
830 2833 864 2884 12
880 2825 1038 2897 ἐξαγαγών]
1058 2826 1173 2894 ἐξεώσας
1190 2833 1223 2886 C.

189 2892 378 2962 ἀνακαθήρας
399 2895 446 2948 καὶ
467 2893 651 2966 διαμετρήσας
667 2895 716 2952 καί
732 2892 785 2966 τήν
801 2891 872 2966 ίίλην
889 2895 1100 2967 ἐναποίλέμενοι,Ι
1115 2899 1161 2952 καί
1182 2897 1195 2952 ἐ
1213 2932 1225 2940 -

187 2961 284 3090 guelpho
301 2961 334 3018 τὸ
350 2965 428 3034 χῶμα
444 2959 524 3034 ίθεμ.
542 2968 574 3021 Ο.
685 2969 719 3023 15
736 2962 933 3036 ίνεθρονίοισεν
949 2968 982 3021 C.
1092 2969 1127 3026 16
1144 2987 1172 3040 p·
1189 2971 1225 3026 30

212 3053 274 3092 ao.

118 3248 183 3296 ante
208 3240 368 3309 quingentos
392 3253 474 3292 annos
497 3238 537 3290 ita
560 3238 686 3308 scriptum
709 3245 768 3294 erat
790 3235 878 3294 “boue
894 3243 959 3295 nori
974 3243 1034 3296 sore
1051 3243 1111 3296 olim
1129 3247 1159 3297 ut
1175 3245 1226 3298 hoc

118 3311 245 3381 ternplum
271 3311 355 3362 maius
380 3315 409 3361 et
431 3309 566 3378 pulchrius
583 3317 739 3377 renovetur,
766 3317 797 3363 ut
812 3312 876 3364 mihi
893 3312 1022 3382 praedicit
1037 3313 1148 3384 spiritus
1165 3331 1227 3369 suu-

118 3374 210 3436 ctus.”
247 3379 358 3431 ecclesia
383 3385 469 3431 autem
495 3383 604 3430 sauctae
628 3381 828 3433 resurrectionis
850 3383 925 3452 prius
946 3399 1057 3452 parvum
1081 3385 1226 3438 oratorium

121 3457 181 3504 erat
199 3456 228 3502 et
243 3449 331 3532 ligneo
349 3449 428 3531 trullo
445 3454 531 3532 teotaj
555 3452 648 3516 postea
665 3465 729 3502 vero
748 3451 860 3504 Basilius
879 3453 990 3536 Macedo
1009 3469 1089 3505 aureo
1107 3453 1227 3522 laqueari

120 3518 1227 3711 {alpithllltlttlllllthlliliifllhlhltllllltt

120 3677 139 3711 v
165 3667 211 3712 otu
230 3675 351 3710 ananum.

225 3729 256 3780 S.
281 3726 448 3781 Theodorum
467 3725 502 3778 ad
522 3725 686 3781 Carbonario
704 3726 827 3780 Hilariou
844 3728 948 3798 quidam
962 3727 1091 3800 patricius
1107 3734 1227 3804 tempore

119 3796 220 3851 Leonis
236 3795 340 3849 Macelli
357 3795 484 3848 condidit.

223 3865 346 3919 Ecclesia
374 3865 427 3918 SS.
453 3865 629 3935 quadraginta
651 3869 793 3933 martyrum
833 3867 975 3921 raetorium
999 3874 1067 3925 erat.
1101 3867 1227 3924 Tiberius

121 3953 187 3990 vero
211 3935 303 3988 Thrax
327 3951 385 3988 cum
406 3934 548 3988 Anastasia
565 3951 649 3988 uxore
666 3935 768 3988 eductis
786 3883 846 3988 iu5s
863 3937 974 4008 captivis
990 3939 1074 3993 locum
1091 3936 1227 4008 purgavit,

122 4012 152 4057 et
174 4022 244 4058 novo
266 4005 354 4074 posito
376 4005 543 4058 fundamento
564 4021 651 4058 muros
668 4006 801 4058 exstruxit
818 4023 901 4075 usqua
918 4008 952 4060 ad
970 4009 1133 4062 altitudinem
1150 4010 1227 4074 quat-

121 4081 183 4126 tuor
209 4074 364 4127 cubitorum.
405 4091 457 4144 quo
481 4080 582 4128 mortuo
604 4075 752 4128 Mauricius
777 4075 833 4130 eius
857 4093 955 4146 gener,
983 4077 1093 4150 imperio
1117 4073 1226 4146 potitus,

120 4147 279 4196 structurum
299 4143 427 4197 acclesiae
447 4144 564 4198 absolvit
579 4144 724 4215 soliumque
740 4146 768 4198 iu
784 4148 933 4216 esposuit.

225 4211 483 4282 orphanotrophium
523 4215 554 4268 S.
587 4214 665 4267 Pauli
702 4215 878 4285 sempiternae
911 4213 1049 4271 memoriae
1082 4209 1227 4280 imperator

118 4277 239 4335 Iustinus
267 4297 324 4336 cum
350 4283 451 4355 Sophia
473 4300 558 4339 uxore
581 4284 748 4354 aedificavit3
776 4286 817 4341 uti
838 4286 919 4342 etiam
942 4277 1116 4338 nosocomium
1140 4283 1226 4336 suncti
