2802 4636
541 243 601 310 DE
626 243 765 314 SIGNIS
792 245 853 314 GP.
1197 246 1248 324 55

133 427 268 516 μνήμην
288 437 350 496 τῶν
373 429 613 518 ἐντυγχανόντων
637 431 688 498 διά
711 431 746 500 τὸ
771 428 983 512 άνεξάλειπτον
1002 429 1086 502 εἶναι.
1137 435 1248 523 ὁμοίως

134 539 196 601 καὶ
223 537 270 600 ἐπὶ
296 530 397 619 πάσης
421 542 476 620 τής
499 535 616 614 πόλεως
632 535 671 602 τά
689 533 853 622 ἀγάλματα
869 535 1108 621 ἓστοιχειιύσατο.
1159 542 1189 606 οἳ
1213 546 1248 610 δὲ

134 638 260 721 ἔχοντες
277 639 407 724 δοκιμήν
423 647 483 706 τῶν
501 647 693 727 στηλωτικῶν
706 639 958 726 ἀποτελεσμάτων
970 638 1133 732 εὖρήσουσι
1146 642 1247 712 πάντα

132 739 317 825 ἀλαθήτως.
371 740 484 826 ὁμοίως
502 746 537 811 δὲ
554 748 605 811 καὶ
625 745 654 810 οἳ
670 745 809 832 τρίποδες
824 751 886 812 τῶν
902 746 1066 835 Δελφικῶν
1082 746 1245 832 κακκάβων

100 848 193 911 ὁκαὶ
222 846 254 910 αἱ
279 844 406 932 ἔφιπποι
431 855 541 934 στήλαι
564 844 718 937 γράφουσι
746 849 790 914 δι’
817 847 855 935 ἣν
878 849 978 916 αῗτίαν
1002 849 1131 938 ἔστησαν
1149 855 1201 918 καὶ
1216 856 1247 920 τί

128 950 347 1034 σημαίνουσιν.

235 1051 273 1118 ‘O
303 1051 483 1141 Λύγουστος
514 1051 530 1120 ὃ
560 1052 760 1137 Ὀκταβιανδς
785 1051 959 1145 Αὐγούστῳ
983 1058 1057 1141 μηνὶ
1080 1053 1241 1140 ύπάτευσε,

126 1157 187 1219 καὶ
206 1156 345 1240 ἐτίμησεν
363 1155 472 1238 αὐτόν,
498 1160 651 1236 Σεξτίλιον
666 1158 702 1224 τὸ
722 1154 868 1248 πρότερον
884 1157 1059 1246 λεγόμενον,
1086 1159 1242 1246 ὀνομάσας

125 1257 329 1345 Λάγουστον.
380 1264 412 1328 ἐν
435 1263 519 1350 αὐτῷ
544 1263 578 1327 δὲ
594 1265 644 1328 κοιλ
662 1259 833 1347 ἐτελεύτησε
849 1269 889 1351 τῇ
907 1260 952 1328 ιδ’
969 1271 1024 1330 τοῦ
1040 1261 1146 1348 μηνός.
1196 1273 1241 1356 τῷ

77 1363 169 1428 10δὲ
195 1365 368 1452 Σεπτεβρίῳ
392 1363 538 1450 ἐγεννήθη
563 1368 605 1444 εἰς
626 1365 683 1443 τάς
705 1365 762 1451 κγ’,
787 1371 839 1431 καὶ
856 1373 896 1454 τῇ
913 1369 1038 1459 δευτίρρι
1054 1371 1240 1457 Σεπτεβρίου

120 1464 302 1533 ’Λντώνιον
318 1469 434 1554 ἐνίκησε
449 1473 500 1536 καὶ
515 1468 630 1557 ήρξατο
646 1475 701 1554 τής
715 1471 898 1556 μοναρχίας,
921 1473 972 1536 καὶ
990 1473 1126 1556 ἐτίμησεν
1143 1473 1235 1538 αὐτὸν
1252 1487 1275 1541 0

124 1569 233 1658 ἀρχήν
257 1573 388 1638 ἰνδίκτου
412 1571 615 1660 ποιησάμενος
639 1571 708 1657 ήτοι
731 1573 829 1661 ἀρχὴν
841 1571 974 1663 χρόνον,
1001 1573 1075 1640 ὅθεν
1092 1572 1108 1640 ὅ
1125 1576 1239 1643 Σεπτί-

123 1679 221 1761 βριος
246 1679 411 1761 τετίμηται.

234 1780 392 1864 Λέγουσιν
418 1780 448 1846 οἱ
473 1779 512 1846 τά
533 1775 688 1862 Ῥωμαϊκά
707 1775 939 1866 ἱστορήσαντες,
960 1779 1136 1856 Ἀππιανδς
1152 1780 1238 1846 Δίων

76 1891 116 1948 15
125 1905 163 1946 τε
190 1885 241 1946 καὶ
266 1881 355 1948 άλλοι
377 1885 456 1960 τινὲς
478 1883 640 1969 ἱστορικοί,
667 1877 709 1959 ὡς
731 1879 889 1969 δΚαῒσαρ
907 1879 966 1947 άπὸ
985 1880 1179 1960 Νικοπόλεως
1196 1887 1239 1960 εἰς

124 1983 166 2048 τὸ
194 1982 373 2072 Δυρράχιον
397 1988 548 2072 διαπερῶν
570 1981 705 2072 μεγάλου
729 1983 882 2064 κλύδωνος
903 1984 1081 2071 γενομένου,
1107 1987 1237 2052 καὶτοῦ

126 2085 320 2174 κυβερνήτου
337 2086 596 2174 ἓξαπορήσαντος,
616 2088 795 2174 ἀγνοοῦντος
812 2091 847 2156 δὲ
864 2087 910 2155 ὅτι
926 2089 978 2156 τὸν
990 2091 1137 2176 Καίσαρα
1151 2090 1236 2176 φέρει

126 2179 191 2271 (ἦν
217 2189 276 2276 γάρ
302 2193 526 2274 κεκαλυμμένος
548 2195 604 2257 τού
626 2191 672 2274 μή
696 2192 930 2278 γνωρίζεσθαι),
959 2187 1235 2276 δινακαλυψάμενος

124 2287 192 2356 εἶπε
208 2291 286 2380 πρὸς
302 2291 355 2358 τὸν
371 2301 574 2382 κυβερνοῦντα
595 2289 726 2358 “ιτάλαιε
742 2295 820 2380 πρὸς
835 2294 887 2360 τὸν
903 2291 1059 2362 κλύδωνα·
1085 2297 1230 2384 Καίσαρα
1246 2316 1271 2370 1)

77 2394 233 2482 νοφὲρεις
257 2398 308 2460 καὶ
332 2395 389 2480 τήν
409 2399 568 2485 Καίσαρος
584 2393 710 2481 τύχην.”
764 2390 842 2464 ὥστε
857 2399 910 2464 τὸν
925 2396 1111 2485 κυβερνήτην
1128 2400 1232 2483 ἔνειμε·

122 2498 268 2586 λέστερον
280 2501 486 2586 προστεθέντα
492 2549 503 2583 ,
521 2505 571 2567 καὶ
588 2505 642 2583 τῆς
657 2495 752 2584 τύχης
768 2500 927 2586 διδούσης,
945 2499 1077 2587 γαλήνην
1089 2501 1232 2586 γενέσθαι

122 2604 177 2667 ’καὶ
201 2604 404 2688 διασωθῆναι.

195 2813 213 2866 4
230 2807 328 2882 άληθή
344 2815 377 2868 0.
469 2811 529 2883 ip.
547 2811 565 2866 8
581 2812 666 2867 Band.
758 2815 791 2868 ll
811 2805 897 2866 αάτδν
914 2807 1038 2881 ἄρχοντα
1056 2808 1229 2874 ίνδικτιοδυος

195 2878 260 2950 ήτοι
276 2877 365 2952 ἀρχήν
381 2878 500 2952 χρόνον,
517 2875 588 2936 ὅθεν
603 2875 792 2954 Σεπτὲμβριος
808 2881 949 2951 τετίμηται
968 2882 1001 2936 0.

123 3073 188 3123 sunt
212 3069 369 3124 memoriam.
403 3068 523 3123 similiter
545 3070 625 3124 etiem
647 3086 696 3139 per
719 3073 803 3124 totam
824 3069 916 3122 urbem
938 3072 1039 3122 statuas
1063 3071 1225 3120 consecratas

123 3137 225 3203 erexit3
244 3145 272 3190 et
290 3139 335 3208 qui
352 3138 408 3192 eius
425 3138 531 3210 generis
547 3139 760 3210 apotelesmetum
777 3136 897 3209 peritiam
912 3139 1024 3202 habent,
1045 3136 1130 3188 omnia
1144 3137 1226 3189 meni-

122 3211 194 3262 festo
212 3208 417 3278 deprehendent.
452 3215 591 3280 praeterea
609 3225 713 3278 quoque
730 3209 758 3262 in
775 3208 926 3276 tripodibus
942 3206 1076 3276 Delphicis
1092 3213 1119 3257 et
1131 3206 1225 3259 statuis

120 3279 290 3400 ίρριιερίιάοιιε
308 3279 462 3350 inscriptum
479 3283 537 3345 est,
563 3295 639 3347 quam
657 3283 690 3334 ob
708 3295 812 3337 causam
828 3279 931 3349 positae
948 3277 1000 3332 sint
1017 3281 1045 3328 et
1063 3273 1125 3344 quid
1141 3274 1227 3346 signi·

142 3363 212 3401 cen.

227 3415 362 3482 Augustus
387 3413 550 3468 Octavianus
572 3432 660 3468 mense
681 3415 802 3486 Augusto
824 3416 934 3486 primum
955 3413 1116 3466 consulatum
1132 3413 1223 3479 inivit,

123 3502 233 3554 eamque
252 3485 284 3536 ob
304 3501 406 3537 causam
423 3484 636 3552 tuamensem,
662 3487 707 3554 qui
728 3485 836 3540 Sextilis
853 3491 932 3538 antea
947 3484 1104 3550 vocabatur,
1132 3482 1224 3552 Augu·

123 3559 193 3608 stum
217 3553 369 3622 appelievit.
404 3553 518 3608 eiusdem
538 3554 635 3608 mensis
658 3555 701 3608 die
717 3557 751 3609 19
770 3555 847 3610 obiit.
882 3553 926 3606 die
947 3561 1033 3606 autem
1050 3553 1084 3606 23
1102 3553 1223 3622 Septem-

123 3625 179 3677 bris
204 3632 280 3676 netus
305 3622 371 3688 fuit,
399 3630 425 3676 et
445 3623 559 3676 secundo
583 3624 628 3676 dic
650 3624 765 3678 eiusdem
786 3623 880 3677 mensis
897 3623 1008 3676 Antonio
1027 3623 1132 3675 devicto
1150 3622 1222 3674 solus

121 3693 258 3761 imperium
278 3692 406 3746 obtinuit:
430 3708 511 3762 quere
526 3694 594 3746 hunc
610 3711 723 3748 mensem
738 3692 891 3760 honoravit,
911 3698 938 3744 et
954 3693 1120 3746 indictionem
1137 3691 1170 3744 ab
1189 3708 1221 3746 eo

120 3762 224 3815 initium
241 3778 343 3815 sumere
360 3761 455 3816 voluit.

225 3831 344 3884 Narrant
365 3829 502 3901 Appianas
525 3830 575 3884 Dio
598 3836 678 3899 etque
702 3831 748 3884 alii
769 3829 893 3884 historiae
916 3829 1047 3884 Romanae
1066 3828 1219 3897 scriptores,

122 3900 263 3954 Caesarem
282 3900 422 3968 aliquando
439 3901 564 3972 Nicopoli
579 3900 749 3954 Durrachium
766 3901 946 3970 navigantem,
969 3917 1024 3954 cum
1042 3914 1136 3967 magna
1152 3900 1219 3958 tem-

120 3976 225 4038 pestate
242 3977 332 4022 coorta
349 3971 523 4038 gubernator,
538 3971 678 4023 Caesarem
695 3971 856 4024 dissimrdato
871 3969 962 4023 habitu
979 3985 1032 4022 non
1048 3980 1218 4035 cognoscens,

122 4039 206 4092 animo
238 4043 466 4106 consternaretur,
497 4040 656 4110 aperientem
688 4057 717 4095 se
746 4039 916 4110 gubernatori
939 4039 1037 4091 dixisse
1060 4029 1217 4112 “obluctare

120 4109 281 4176 tempestati:
306 4125 365 4161 nam
387 4109 526 4164 Caesarem
550 4110 625 4164 vehis
649 4115 678 4164 et
699 4110 823 4164 Caesaris
847 4111 976 4163 fortunam
984 4101 1011 4174 ,’'
1041 4118 1124 4170 eoquo
1146 4099 1217 4182 (1ξοῐο

118 4175 232 4300 αοὶιροω
255 4179 427 4246 gubernatori
447 4179 607 4252 reddidisse,
632 4186 661 4238 et
681 4185 838 4252 tempestate
861 4178 974 4235 fortuito
990 4173 1081 4229 sedate
1098 4184 1217 4224 evasisse

117 4263 278 4304 rucoumem.
