2802 4636
137 1327 328 1420 ΠΕΡι
360 1323 502 1417 ΤΗΣ
530 1322 1250 1418 ΣΧΗΜΑΤΟΓΡΑΦΙΑΣ
1385 1338 1390 1434 ι

284 1527 392 1590 ΤΗΣ
425 1523 1100 1591 ΚΩΝΣΤΑΝΤΙΝΟΥΠΟΛΕΩΣ.
1383 1624 1388 1738 Ι

1384 1741 1388 1840 i

601 1749 805 1764 μ-

145 1912 240 2040 Χρὴ
263 1951 418 2039 γινώσκειν
440 1951 488 2019 ὅτι
513 1959 568 2018 τού
585 1949 742 2032 Βύζαντος
766 1951 805 2016 τὰ
830 1949 966 2018 παλύτια
983 1953 1014 2017 ἓν
1030 1958 1068 2039 τῇ
1087 1948 1249 2038 ἀκροπόλει

49 2072 71 2125 Ρ
89 2072 123 2128 12
139 2051 233 2142 ἦσαν·
252 2054 268 2122 ὃ
287 2059 320 2122 δὲ
337 2057 410 2134 ναὸς
425 2063 482 2123 τοῦ
498 2053 584 2142 ἁγίου
603 2062 703 2142 Μηνᾶ
719 2054 835 2142 ύιιῇρχε
852 2062 973 2144 πρῶτον
990 2063 1045 2121 τοῦ
1063 2055 1141 2132 Διὸς
1159 2051 1249 2140 ἶερόν,

140 2160 214 2227 ὅθεν
232 2160 270 2244 δὴ
288 2164 339 2225 καὶ
356 2161 471 2235 εἰςτὰς
492 2163 691 2246 μαρμαρινὰς
713 2158 849 2243 ἁψῖδας,
873 2158 930 2236 τὰς
952 2159 1086 2248 ὕπερθεν
1109 2164 1171 2222 τῶν
1193 2154 1249 2222 δύο

140 2260 280 2348 μεγάλων
296 2261 419 2340 κιόνων,
436 2257 626 2346 ὑπάρχουσιν
643 2263 676 2326 αἱ
693 2267 801 2346 στῆλαι
818 2268 874 2328 τοῦ
888 2264 967 2340 Διὸς
983 2267 1034 2328 καὶ
1051 2269 1106 2328 τοῦ
1117 2257 1250 2345 Κρόνου.

140 2367 215 2442 tang
231 2365 291 2452 γὰρ
308 2357 346 2447 ἦν
362 2373 427 2440 τοῖς
443 2364 582 2451 ἀρχαίοις
599 2365 743 2452 ἀρχηγοΐς
761 2367 875 2444 εἰςτὰς
891 2367 1070 2453 ἀκροπόλεις
1089 2369 1192 2445 κτίζειν
1209 2363 1273 2434 τάξ)

142 2467 258 2534 ἑαυτῶν
281 2465 426 2534 unitiva.
476 2465 586 2554 ἤρχετο
611 2471 645 2534 δὲ
670 2469 704 2534 τύ
722 2479 836 2552 τεῖχος,
861 2471 949 2536 καθὰ
967 2473 1018 2536 καὶ
1035 2478 1105 2549 νύν,
1130 2471 1179 2534 ἐπὶ
1196 2473 1251 2533 τού

141 2570 296 2653 Βύζαντος
313 2572 374 2637 ἀπὸ
390 2578 446 2638 τοῦ
462 2571 579 2658 πύργου
597 2581 652 2656 τῆς
669 2573 878 2660 ἀκροπόλεως,
906 2579 957 2640 καὶ
981 2572 1121 2660 διήρχετο
1140 2577 1181 2650 εἷς
1198 2572 1252 2637 τὸν

140 2683 195 2742 τοῦ
219 2677 365 2762 Εύγενίου
389 2675 521 2764 πύργον,
547 2679 598 2741 καὶ
620 2678 758 2760 ἀνέβαινε
781 2679 871 2767 μέχρι
895 2685 951 2744 τοῦ
967 2679 1176 2768 Στρατηγύου,
1201 2678 1253 2740 καὶ

143 2775 281 2869 διήρχετο
306 2784 350 2858 εἷς
373 2775 409 2849 τύ
432 2775 591 2867 λεγόμενον
615 2789 671 2848 τοῦ
683 2783 843 2866 Ἀχιλλέως
869 2781 1007 2872 λουτρόν.
1059 2779 1080 2866 ἡ
1106 2783 1139 2846 δὲ
1157 2784 1251 2847 ἐκεῖσε

211 2952 694 3044 1Χρὴ-οιύτοκρατορησύντων]
718 2961 831 3016 haacC
868 2968 911 3015 ost
916 2958 1096 3048 τέθειτριιρ.
1116 2959 1149 3015 17
1165 2957 1252 3029 ponit,

211 3029 281 3082 aud
289 3029 504 3114 Banduriump.
523 3033 666 3086 2sunr1na.
804 3031 821 3086 3
846 2979 927 3097 ῑξ
893 3051 927 3085 ου
945 3031 992 3084 καὶ
1016 3029 1129 3119 ἔχει
1090 3027 1144 3090 ταὶς
1165 3045 1252 3096 paup.

212 3109 265 3166 αψ.
282 3091 409 3182 υσερθεν
428 3099 504 3152 codd.
527 3102 639 3170 aliquot.
779 3101 796 3156 5
820 3098 872 3164 τὰς
893 3099 952 3154 ota!
924 3119 984 3160 τας
1001 3119 1092 3155 αυτων
1109 3095 1217 3186 ἤγουν
1216 3093 1251 3150 cd

212 3163 378 3306 optgere„
353 3169 430 3222 codd.
450 3169 504 3222 alii.
638 3165 789 3241 9τώἡέ
790 3173 864 3244 νυῷ
883 3173 934 3226 τοῦ
956 3165 1139 3242 Ούρβικίου
1125 3164 1253 3238 ορωμὲνη

213 3255 231 3290 οι
258 3237 367 3290 ιοιαΙυ

296 3471 383 3558 DE
417 3467 662 3560 FORMA
699 3473 787 3560 ET
824 3472 1101 3563 AMBITU

187 3626 356 3686 σκετο
403 3627 1209 3692 consnannrnoronlrnnnn

145 3739 306 3850 Sciendum
322 3797 365 3846 est
381 3794 450 3864 quod
461 3794 588 3862 Byzantia
603 3795 755 3865 palatium
747 3813 775 3848 rn
792 3796 908 3866 acropoli
926 3796 1069 3864 exstiterit,
1087 3803 1115 3850 et
1132 3797 1257 3865 ternplum

146 3865 177 3918 S.
199 3865 294 3916 Menae
315 3869 392 3915 antea
408 3865 491 3916 fuerit
508 3866 592 3917 fanum
610 3866 700 3930 iovis,
730 3868 899 3934 quamobrem
918 3868 996 3919 etiam
1014 3885 1083 3920 nunc
1101 3868 1129 3918 in
1146 3882 1257 3918 marmo-

145 3933 200 3988 reis
219 3934 274 3987 eius
292 3935 421 4002 arcubus,
450 3934 497 4004 qui
513 3935 613 3987 duabus
630 3935 748 3987 maximis
766 3936 889 3988 columnis
911 3945 1107 4004 sustentantur,
1136 3935 1211 3988 Iovis
1229 3939 1258 3987 et

146 4004 258 4056 Saturni
280 4011 385 4056 statuae
406 3973 559 4087 dupersnnt.
594 4005 638 4056 ille
660 4006 780 4057 nimirum
798 4006 916 4075 antiquis
934 4005 1096 4074 principibus
1113 4021 1169 4058 mos
1186 4011 1256 4070 erat,

148 4081 178 4123 ut
196 4074 299 4125 nonnisi
317 4074 343 4125 in
360 4073 464 4126 arcibus
482 4074 582 4125 urbium
598 4076 698 4142 palatia
714 4091 762 4126 sua
775 4083 950 4128 exstruerent.
972 4077 1019 4127 sub
1032 4075 1170 4142 Byzante'
1163 4074 1255 4140 igitur,

149 4142 190 4192 nti
207 4143 352 4224 hodieque,
374 4143 520 4211 incipiebat
536 4160 625 4194 murus
643 4161 659 4194 a
675 4143 743 4196 turri
760 4145 912 4212 acropoleos
930 4152 958 4196 et
974 4146 1104 4213 pergebat
1120 4161 1204 4212 usque
1223 4143 1258 4196 ad

149 4211 241 4263 turrim
257 4213 389 4282 Eugenii3
411 4213 472 4265 inde
489 4213 649 4264 ascendebat
665 4213 698 4264 ad
717 4213 879 4281 Strategium
898 4231 1005 4278 versus,
1023 4221 1052 4264 et
1068 4213 1258 4295 progredieba-

148 4286 194 4331 tur
210 4296 293 4349 usque
310 4284 425 4337 thermas
438 4282 577 4336 Achilleas.
615 4299 690 4336 arcus
708 4298 770 4334 vero
790 4283 835 4351 qui
853 4283 892 4335 ibi
909 4283 1007 4336 visitur
1023 4287 1052 4335 et
1071 4299 1140 4335 nune
1151 4282 1258 4336 Urbieii
