2808 4616
173 237 247 310 186
517 236 693 304 INGERTI
719 238 932 306 nocronls

173 434 258 518 φαλῇ
280 426 434 513 περιέχον,
459 422 573 508 γυμνόν
596 451 643 490 τοι
668 423 764 504 ὅλως,
790 428 842 490 καὶ
864 427 896 490 ἒν
919 434 983 502 τοῖς
998 423 1178 513 βρετγάνοις
1195 432 1282 498 διδό-
1377 511 1378 514 ¹

63 546 153 602 Pron
170 560 241 618 μοις
265 528 547 611 ἓπικικαλυμμένον.
598 535 655 595 τοῦ
679 531 714 594 δὲ
737 528 910 616 φιλοσόφου
928 530 1107 613 πυθομένου
1128 529 1197 611 “cla
1220 535 1281 601 άν”
1377 517 1378 610 J

169 637 228 726 έφη
250 631 290 700 “io
317 631 475 718 στήσας,·”
504 631 563 716 ἴφη
580 659 626 710 τις
644 632 838 718 άναηνώστης
855 631 902 699 ότι
923 633 1173 715 Οὐαλεντινιανδς
1191 647 1280 706 τοῦτο
1377 615 1378 652 ³

169 737 357 828 προύθηκεν.
408 733 488 802 εἶπεν
506 738 539 800 δὲ
555 732 572 800 ὁ
591 734 762 824 φιλόσοφος
782 733 878 803 “πότε
896 740 946 802 καὶ
964 737 1018 802 τόν
1035 737 1146 822 όνσν,·”
1173 751 1229 809 τοῦ
1248 747 1283 809 δὲ
1377 767 1378 810 l

170 843 325 934 φήσαντος
345 838 489 924 “bamb''
518 844 608 905 ιῖπεῖν
632 843 743 906 έκιΐνον
763 837 837 907 (τότε
855 839 925 917 όνος
941 837 984 919 ὥς
1000 839 1168 929 ἄνθρωπος
1184 845 1305 927 {broni

170 947 196 1014 δι’
221 952 402 1034 συμφορᾶς,
429 943 475 1010 ὅτι
503 943 669 1031 ἄνθρωπος
693 943 753 1034 όνῳ
778 945 953 1010 ἀκολουθεῖ.
1005 945 1085 1010 ἀλλὰ
1102 948 1147 1031 μὴ
1163 948 1277 1016 ἴστω.”

168 1059 224 1118 τοῦ
253 1048 390 1133 μάντεως
420 1054 510 1112 τοῦτο
541 1049 576 1113 cd
606 1046 772 1134 πρόβλημα
802 1047 915 1136 εὑρέθη
945 1050 977 1112 ἓν
1002 1059 1067 1126 τοῖς
1092 1048 1196 1135 τόμοις
1223 1063 1280 1120 τοῦ
1377 1067 1378 1126 l

169 1155 308 1231 Λέοντος
324 1160 380 1220 τοῦ
396 1149 549 1240 μεγάλου,
576 1150 594 1217 ό
612 1150 818 1240 ἐφιλοσόφησε
836 1150 961 1240 Κρόνος
966 1201 977 1232 ,
1002 1153 1087 1238 παρὰ
1106 1158 1279 1247 Λιηουρέοο

128 1270 151 1324 Β
169 1255 361 1348 ἆστρονόμου
378 1259 429 1321 καὶ
445 1253 563 1322 ὑπάτου
581 1263 635 1322 τοῦ
654 1257 750 1323 αὐτοῦ
765 1257 916 1339 βασιλέως
931 1257 1079 1334 Λέοντος.

265 1358 531 1448 Ἀσκληπιόδωρος
552 1361 600 1424 ἐπὶ
619 1361 818 1427 Ἀναστασέου
842 1361 917 1427 ἰδών
941 1361 976 1426 τὸ
1000 1358 1108 1440 ζώδιον
1129 1361 1166 1428 τὸ
1188 1361 1275 1449 μέγα,
1285 1371 1318 1426 10
1377 1365 1378 1442 ζ

166 1465 202 1532 cd
233 1467 264 1531 έν
293 1472 338 1554 τῷ
369 1465 482 1553 ῗππικῷ
505 1464 561 1548 τὴν
582 1474 671 1551 χεῖρα
696 1467 745 1530 ἐπὶ
769 1471 825 1531 τοῦ
847 1462 1013 1552 προσώπου
1038 1466 1182 1549 κατέχον,
1217 1467 1275 1556 ἔφη

163 1561 213 1635 “ui
237 1571 309 1652 βία,
335 1566 382 1634 ὅτι
405 1575 491 1634 πᾶσα
516 1568 693 1656 ἀνθρωπίνη
719 1568 817 1634 ένδεια
841 1573 883 1646 εἰς
905 1571 979 1652 μέαν
1002 1566 1172 1656 ἀνθρώπου
1197 1571 1277 1658 φρό-

166 1699 252 1758 νησιν
287 1671 499 1756 inponerat?
553 1675 608 1737 καί
637 1699 683 1750 τις
715 1674 799 1763 αὐτῷ
826 1673 955 1750 ἐπέδειξε
980 1671 1148 1758 γράμματα
1175 1677 1207 1740 ἓν
1233 1683 1278 1764 τῷ

165 1773 338 1864 μαρμάρῳ·
365 1783 421 1840 τοῦ
445 1777 479 1841 δέ
500 1773 741 1862 δπαναγνόντος,
768 1775 827 1863 έφη
849 1774 994 1862 “dyadis
1009 1777 1053 1859 μὴ
1071 1774 1194 1863 φθάσαι
1211 1790 1278 1856 τοῖς

130 1892 153 1946 C
170 1879 237 1948 τότε
257 1882 419 1963 μέλλουσιν
435 1875 509 1945 ιῗναι
516 1929 527 1960 ,
553 1877 595 1957 ὡς
611 1881 707 1965 κάμοί
719 1908 749 1946 τι
765 1880 872 1968 κέρδος
887 1887 943 1946 τοτ’·
957 1880 1002 1966 μὴ
1019 1880 1218 1965 acapnum?
1282 1889 1317 1943 15

270 1985 351 2051 Δέον
375 1981 531 2069 γινώσκειν
553 1983 601 2050 ότι
623 1982 643 2069 ἦ
668 1985 838 2068 καλουμένη
863 1991 987 2071 Ταῦρος
1013 1981 1175 2061 Θεοδόσιός
1192 1987 1276 2050 ἔστιν

166 2085 183 2156 ὃ
210 2089 323 2174 μέγας·
351 2091 382 2153 ἓν
408 2079 430 2174 ᾗ
455 2115 528 2154 ποτε
553 2089 669 2172 έδέχιτο
694 2088 710 2154 ὃ
735 2087 881 2172 βασιλεδς
904 2089 976 2164 τοὺς
1002 2087 1062 2154 ἀπὸ
1086 2094 1146 2154 τῶν
1173 2089 1276 2154 ἐθνῶν

167 2192 329 2267 δυνάστας.
381 2191 516 2279 ἀργυρέα
534 2193 569 2257 δέ
583 2219 628 2269 τις
643 2185 682 2276 ἦν
698 2190 821 2280 πρώην,
840 2190 882 2270 ὡς
898 2190 914 2258 ὃ
932 2193 1111 2274 Σωζομινδς
1128 2189 1276 2259 διδάσκει.

165 2292 297 2378 Κλήμης
314 2293 347 2357 δὲ
364 2293 419 2370 τδις
435 2291 543 2376 ὁμοίας
555 2296 606 2358 καὶ
619 2294 839 2384 πολυμόρφους
849 2298 1046 2385 μαρμαρίνας
1057 2299 1273 2364 Κωνσταντέου

165 2395 239 2464 εἶναι
257 2393 385 2486 φάσκει,
411 2404 466 2461 τοῦ
482 2397 551 2464 υῗοῦ
568 2400 812 2465 Κωνσταντίνου.
1279 2410 1314 2464 20

125 2509 150 2563 D
265 2499 303 2567 Ὁ
328 2499 486 2584 Πιττάκης
512 2499 529 2567 ὅ
555 2499 712 2587 λεγόμενος
737 2503 832 2569 Λέων
856 2499 873 2567 ὃ
899 2502 995 2590 μέγας
1019 2502 1099 2568 ἐστίν
1105 2551 1116 2582 ,
1142 2499 1159 2566 ό
1186 2501 1274 2589 παρὰ
1377 2495 1378 2570 l

164 2611 288 2682 πολλοῖς
312 2603 514 2693 Μακελάριος
538 2604 707 2692 λεγόμενος.
757 2606 836 2672 καθ’
855 2605 894 2691 ἣν
978 2607 1017 2672 τά
1037 2604 1194 2690 δεξήματα
1211 2612 1273 2672 τών

231 2751 250 2806 8
271 2769 320 2821 pro
337 2732 487 2816 Λιησυρίοο
506 2752 594 2805 scribe
606 2745 763 2821 Ὀλοβρέου.
799 2751 889 2805 consul
907 2759 993 2804 antem
1009 2751 1063 2804 fuit
1080 2749 1123 2804 hic
1141 2751 1271 2820 Olybrius
1377 2735 1378 2774 i

233 2825 422 2943 pprnoboctavo
447 2819 552 2890 imperii
576 2821 675 2875 Leonis
699 2823 832 2889 Macelae,
863 2838 931 2874 anno
958 2827 1020 2890 post
1046 2819 1179 2874 Christum
1205 2821 1270 2876 464.
1377 2823 1378 2832 ’

260 2909 328 2946 απτ.

162 3011 233 3063 nudo
249 3025 357 3080 prorsus
373 3024 499 3078 corpore,
520 3009 631 3061 obtectis
645 3009 802 3062 solummodo
817 3008 951 3061 verendis.
987 3013 1096 3076 rogante
1112 3007 1272 3078 philosopho
1377 3031 1378 3094 η

163 3080 223 3148 quis
240 3086 352 3130 statuam
369 3079 513 3148 posuisset,
533 3079 671 3149 respondit
690 3079 794 3148 quidam
809 3079 892 3130 lector
909 3079 1119 3132 Valentinianum
1135 3077 1270 3145 posuisse.
1377 3107 1378 3120 ι

163 3149 205 3200 cui
222 3148 392 3217 philosophus
406 3141 529 3216 “quando
547 3149 624 3200 etiam
642 3143 783 3200 asinumY’
818 3148 863 3200 ille
877 3165 942 3199 vero
956 3142 1082 3200 “simul'’
1114 3153 1169 3199 tum
1183 3147 1272 3215 pbilo-
1377 3143 1378 3184 l

164 3218 262 3285 sophus
282 3212 409 3285 “quando
434 3217 521 3270 asinus
545 3223 575 3268 ut
597 3218 673 3268 homo
698 3219 764 3284 erit,
791 3235 808 3267 σ
832 3217 1018 3269 calamitatem!
1044 3215 1141 3284 quippe
1164 3217 1268 3268 asinum

163 3287 239 3337 homo
265 3287 394 3356 sequitur.
430 3304 521 3339 verum
547 3281 649 3338 absit.”
691 3287 763 3340 vatis
788 3287 837 3338 hoc
861 3285 994 3355 problema
1015 3286 1044 3337 in
1065 3285 1143 3337 tomis
1166 3285 1269 3337 Leonis

162 3356 264 3423 magni,
292 3356 362 3424 qnod
384 3357 486 3408 Oranus
503 3355 671 3426 philosophus
689 3357 784 3423 edidit,
810 3363 943 3424 repertum
961 3363 1002 3408 est
1019 3373 1035 3408 a
1052 3355 1162 3423 Ligurio
1180 3363 1269 3406 astro-

161 3442 236 3476 nomo
254 3431 282 3477 et
298 3425 355 3477 viro
373 3425 496 3492 primario
514 3423 628 3477 eiusdem
643 3425 741 3478 Leonis
757 3425 937 3496 imperatoris.

266 3496 323 3546 Sub
346 3493 486 3546 Anastasio
509 3493 712 3561 Asclepiodorus
735 3493 902 3564 conspicatus
921 3494 1023 3580 signum
1040 3492 1122 3546 maius
1138 3493 1167 3546 in
1185 3493 1267 3546 Circo
1377 3557 1378 3564 η

161 3564 303 3631 cogitantis
320 3580 390 3614 more
407 3563 487 3632 cupiti
505 3563 631 3615 admotam
648 3581 749 3617 manum
765 3570 874 3630 tenens,
892 3563 930 3614 ait
960 3558 987 3614 ‘o
1005 3561 1072 3615 vim!
1092 3563 1164 3632 quod
1180 3564 1268 3615 omnis

161 3635 271 3686 humana
293 3633 440 3700 indigentia
462 3649 515 3685 uns
537 3633 648 3684 hominis
671 3632 809 3704 prudentia
826 3626 997 3686 condiatur.'’
1033 3649 1090 3684 cum
1109 3637 1195 3684 autem
1213 3633 1268 3702 ipsi

161 3703 253 3790 aliquis
277 3701 369 3754 literas
391 3703 514 3755 marmori
536 3702 620 3754 inscul
639 3708 679 3756 tas
702 3704 866 3768 ostenderet,
896 3701 930 3754 iis
953 3702 1077 3772 perlectis
1100 3695 1267 3770 “optandum
1377 3765 1378 3774 ρ

160 3766 223 3825 est'
250 3771 289 3823 ait
310 3766 364 3824 “ad
388 3791 421 3824 ea
443 3788 511 3842 quae
534 3779 599 3824 tunc
620 3723 710 3826 datura
731 3779 792 3826 sunt
809 3789 861 3824 non
877 3773 1033 3841 pervenire3
1062 3772 1182 3840 adeoque
1199 3771 1269 3824 milri

160 3859 212 3895 non
229 3841 325 3910 legisse
341 3841 432 3893 utilius
448 3835 572 3895 fuisset.”

263 3910 405 3963 Sciendum
432 3916 544 3962 statuam
572 3911 689 3962 Taurum
716 3909 810 3962 dictam
838 3925 958 3976 magnum
986 3909 1163 3962 Theodosium
1190 3925 1267 3962 esse.

160 3981 194 4032 ad
217 3999 274 4034 eam
296 3979 356 4034 olim
379 3979 520 4048 imperator
543 3988 647 4032 exteros
665 3979 790 4048 dynastas
809 3979 932 4048 excipere
950 3978 1061 4032 solebat.
1099 3987 1157 4032 erat
1173 3984 1268 4032 autem

159 4051 288 4118 quondam
311 4055 453 4116 argentea,
478 4054 509 4099 ut
525 4047 601 4101 docet
618 4049 795 4112 Sozomenus3
821 4049 940 4100 Clemens
957 4065 1021 4102 vero
1039 4048 1139 4103 similes
1154 4049 1268 4103 variae-

159 4133 211 4184 que
227 4123 329 4173 formae
345 4132 503 4170 marmoreas
521 4117 671 4170 Constantii
687 4117 856 4170 Constantini
872 4118 922 4170 filii
937 4135 996 4170 esse
1013 4117 1060 4170 ait.

263 4192 349 4254 Quam
372 4187 501 4240 Pittaoem
526 4189 639 4238 statuam
664 4195 774 4253 vocant,
801 4185 857 4240 Leo
874 4204 983 4256 magnus
1000 4195 1057 4254 est,
1082 4203 1158 4256 quem
1182 4186 1267 4257 vulgo

156 4251 285 4310 illacelam
301 4259 468 4328 nuncupant,
487 4254 521 4308 ad
539 4271 617 4326 quam
631 4255 732 4310 libellos
747 4256 878 4326 supplices
894 4257 1067 4326 imperatores
1083 4256 1269 4326 accipiebant.
