2814 4608
200 289 355 358 PHOTII
379 289 500 356 PATR.
528 288 589 355 GP.
616 285 877 355 DESCRIPTIO
901 287 1019 356 Eccn.
1044 290 1148 359 NOV.
1186 291 1260 366 195

151 477 245 564 με’νην
261 477 318 564 τήν
333 473 520 562 τερπνύτητα
536 477 588 542 καὶ
603 473 763 560 θυμηδίαν
779 478 836 560 τῆς
848 469 1043 563 πανηγύρεως
1054 475 1261 564 ἐπιστάμενος,

153 581 226 648 ἀλλ’
246 583 288 659 εἷς
304 579 396 646 αάτδν
411 579 465 646 τδν
481 579 581 647 κοινὸν
595 576 744 666 δεσπότην
756 577 985 668 ἀναφερομένην
999 579 1087 659 attur
1098 581 1154 668 τήν
1167 593 1262 669 capio-
1399 665 1400 672 ρ

155 681 318 770 σμιύτητα·
343 680 596 773 λαμπρότηςγολρ
613 681 809 772 πανηγύρεως
826 679 898 748 ὅσον
914 680 1002 768 ήμῶν
1017 689 1079 752 τῶν
1094 713 1261 778 πανηγυρι-
1276 695 1301 749 1)

155 787 264 870 ζύντων
280 788 315 853 τὸ
333 785 562 874 σεμνολύγημα,
584 795 729 856 τοσούτου
745 794 800 864 τῆς
817 786 997 873 δεσποτικῆς
1014 786 1134 876 ἀγάπης
1149 793 1263 882 ἐναργῆ
1399 793 1400 832 3

129 893 315 981 ἀπαρέχεται
330 893 369 958 τά
386 895 593 980 γνωρίσματα.
644 889 718 958 ὅταν
735 893 770 958 δέ
784 892 865 976 μηδὲ
880 897 941 957 τῶν
957 894 1082 977 ἐτησίας
1098 897 1150 961 καὶ
1167 895 1262 982 συνή-
1299 903 1304 907 ’

150 1003 218 1073 aar
244 996 479 1081 ἐπιτελουμένων
506 996 551 1082 εἴη
576 995 632 1082 τήν
656 992 826 1081 ἀνάμνησιν
849 992 1035 1083 ἑορτάζουσα
1041 1046 1052 1078 ,
1085 996 1165 1064 ἀλλά
1192 1027 1261 1066 και-

149 1098 205 1185 νήν
228 1123 297 1166 τινα
321 1102 372 1164 καὶ
390 1099 546 1188 ἀρτιφανῆ
561 1100 617 1185 τήν
634 1104 676 1178 εἷς
692 1100 768 1166 θεὸν
784 1097 877 1184 τιμήν
894 1101 1117 1186 έγκαινίζουσα,
1142 1111 1208 1181 πῶς
1224 1105 1260 1172 ού

149 1209 268 1288 μᾶλλον
295 1201 339 1269 tu
363 1206 415 1268 καὶ
437 1203 491 1270 τὸν
514 1209 601 1270 θεῖον
625 1201 724 1292 έρωτα
749 1203 935 1288 διαδειχδείη
959 1202 1187 1294 ἐκπυρσεύουσα
1209 1211 1261 1274 καὶ

149 1307 206 1392 τήν
223 1312 284 1373 τῶν
301 1303 505 1393 ἑορταζόντων
521 1303 708 1392 κοσμιότητα
724 1309 778 1373 καὶ
792 1306 827 1372 τδ
846 1307 932 1384 κλέος
950 1307 1087 1375 ἓπιπλέον
1105 1308 1260 1379 ἀναπτύσ-
1399 1391 1400 1398 ρ

108 1422 144 1476 10
151 1434 268 1494 σουσας
295 1409 375 1474 ἀλλά
397 1411 443 1488 τίς
458 1407 479 1495 ή
495 1408 629 1495 τοσαύτη
645 1417 701 1476 τού
717 1407 858 1494 πλήθους
874 1410 1032 1497 συνδρομή
1049 1415 1100 1478 καὶ
1115 1414 1255 1480 συνέλευ-
1272 1424 1297 1480 Ε
1399 1417 1400 1492 3

150 1539 217 1596 σις,·
242 1514 289 1588 τίς
312 1509 333 1598 ή
359 1512 545 1602 πανήγυριςς
570 1515 604 1580 τί
624 1513 659 1580 sd
685 1513 873 1598 συγκαλέσαν
896 1515 947 1578 καὶ
971 1522 1155 1600 συγκινῆσαν
1177 1515 1260 1602 ῆμᾶς

149 1614 306 1700 ἀπαντωςς
331 1615 484 1700 βούλεσθε
511 1618 603 1704 εἷ’πως
628 1616 650 1702 ii
676 1616 768 1684 καλδν
789 1618 891 1706 ἐκείνῳ
907 1624 1132 1708 παραχωρῆσαι
1148 1623 1199 1684 καὶ
1217 1625 1261 1686 ei-

148 1729 215 1786 πεῒν
239 1722 290 1785 καὶ
314 1720 437 1802 διδάξαι
462 1728 517 1808 τῆς
541 1718 737 1810 πανηγύρεως
759 1721 815 1806 τήν
836 1717 1002 1802 ἀπόθεσιν,
1029 1729 1074 1813 τῷ
1085 1728 1211 1814 χορηγῷ
1226 1714 1276 1792 τε

150 1822 218 1908 ἀμα
241 1819 355 1908 ταύτης
376 1829 429 1891 καὶ
451 1832 540 1917 σοφῷ
564 1851 598 1912 γε
622 1825 819 1912 ἀρχιτέκτονι.
871 1825 982 1901 ἐκεῖνος
1003 1826 1063 1912 γάρ
1089 1827 1192 1904 ἱκανὸς
1207 1829 1260 1893 καὶ
1399 1907 1400 1910 ¹

107 1925 252 2013 15λύγοις
267 1933 464 2016 παραστῆσαι
480 1929 515 1996 τὸ
534 1931 744 2017 προκείμενον,
770 1925 805 2005 ὃς
820 1927 892 2004 τούς
908 1926 1022 2006 τύπους
1036 1933 1098 1996 τῶν
1114 1927 1259 2018 πραγμά-
1275 1936 1297 1990 P
1315 1935 1367 1992 118

148 2057 212 2098 των
229 2032 262 2096 έν
278 2037 318 2118 τῆ
335 2040 424 2121 ομοχῆ
440 2033 664 2122 προεκθέμενος
681 2033 834 2118 ἀμίμητον
850 2029 937 2120 ἔργον
955 2031 1003 2096 ἐπὶ
1018 2038 1075 2118 γῆς
1091 2030 1259 2124 πανσόφως

148 2130 353 2218 ὑπεστήσατο.

250 2238 337 2324 Λέγε
368 2241 529 2326 τοιγαρούν
560 2236 652 2324 ῆμῖν,
688 2227 716 2302 ἀ
745 2233 899 2320 βασιλέων
928 2233 1179 2323 φιλοχριστύτατε
1207 2242 1259 2304 καὶ

148 2337 370 2428 θεοφιλέστατε
385 2343 437 2406 καλ
453 2337 570 2418 πάντας
587 2341 659 2418 τούς
676 2337 851 2426 ἔμπροσθεν
868 2344 958 2406 νικῶν
974 2363 1006 2404 τε
1026 2337 1093 2424 ἅμα
1109 2343 1160 2407 καὶ
1177 2347 1258 2426 λαμ-

105 2449 234 2531 conpar
259 2443 437 2536 φαιδρύνων
458 2451 497 2532 τῆ
518 2445 659 2538 κοινωνίη
681 2449 737 2511 τού
761 2439 951 2526 ἀξιώματος,
977 2441 1043 2529 λέγι
1064 2442 1259 2534 προθύμους,

148 2544 191 2624 ὥς
208 2545 298 2641 ἀρῆς,
324 2547 399 2626 τούς
415 2549 641 2634 ἀκουσομένους
659 2545 752 2632 istros,
778 2547 833 2636 ἐφ’
853 2543 927 2636 ὅπερ
944 2541 1029 2630 ήμᾶς
1044 2545 1257 2627 συνεκάλεσας.

148 2653 248 2728 δεῖξον
272 2662 336 2729 τοῖς
363 2649 464 2736 λύγοις
488 2650 510 2716 ἀ
532 2661 596 2728 τοῖς
612 2649 711 2738 ύργοις
728 2651 954 2738 προύπέδειξας.
1005 2643 1068 2739 ἀρα
1084 2651 1145 2740 γάρ
1162 2649 1293 2720 πάλινΒ

149 2753 227 2818 κατὰ
251 2751 422 2840 βαρβάρων
437 2755 524 2830 νέκας
540 2750 716 2838 ἀναστήσας
731 2756 783 2819 καὶ
799 2750 932 2842 τρόπαια
938 2800 950 2832 ,
975 2749 1022 2830 οἷς
1037 2752 1183 2832 πολλάκις
1200 2755 1259 2821 άλ-

149 2861 215 2931 λοις
242 2857 293 2920 ἐπ’
323 2855 428 2932 ἀλλοις
452 2853 536 2940 ῆμάς
562 2854 713 2934 ἐδεξιώσω
740 2853 1037 2944 φιλοφρονούμενος,
1064 2857 1112 2920 ἐπὶ
1139 2855 1258 2936 τούτοις

149 3066 205 3108 non
229 3049 300 3118 apud
325 3065 372 3102 nos
397 3049 481 3102 solum
506 3047 726 3120 circumscriptam
753 3061 828 3117 csse,
856 3049 903 3103 sed
927 3049 984 3103 eius
1005 3049 1201 3104 venerationem
1224 3049 1259 3106 sd

150 3135 310 3172 communem
338 3134 422 3188 usque
446 3117 575 3172 domiuum
600 3118 710 3172 referris
736 3135 796 3172 nam
812 3119 975 3173 solennitatis
991 3117 1116 3190 splendor
1133 3124 1258 3188 quantum

150 3188 226 3254 nobis
244 3188 441 3242 celebrantibus
458 3187 559 3258 gloriae
577 3190 694 3253 confert,
714 3191 790 3242 tanta
805 3191 917 3260 praebet
931 3191 1038 3242 nostrae
1053 3205 1117 3257 erga
1129 3189 1258 3244 domnum

150 3258 300 3312 dilectionis
323 3264 486 3328 argumenta.
522 3258 626 3328 quando
650 3263 736 3312 autem
756 3275 808 3311 non
826 3275 916 3312 eorum
933 3275 1002 3329 quae
1019 3273 1105 3310 ειισιιο
1122 3258 1179 3312 ritu
1214 3277 1258 3312 er·

151 3333 266 3396 aguntur
291 3327 440 3380 memoriam
466 3327 597 3395 celebrat,
623 3328 670 3381 sed
686 3327 750 3382 novi
768 3328 899 3382 cuiusdam
916 3328 1082 3396 recentisque
1099 3327 1149 3380 deo
1166 3281 1256 3382 collati

142 3397 258 3454 ,honoris
275 3397 399 3450 encaenia
416 3397 558 3467 persolvit,
580 3396 638 3468 quis
654 3413 707 3450 non
724 3397 896 3452 ardentiorem
911 3397 1004 3451 muoris
1021 3397 1149 3452 flammam
1167 3403 1257 3452 osten·

149 3467 197 3520 dat
221 3467 463 3536 celebrantiumque
481 3475 599 3520 ornatum
618 3473 646 3518 et
661 3467 772 3536 gloriam
789 3467 883 3521 clarius
900 3467 1039 3538 explicet?
1074 3469 1103 3519 at
1120 3467 1179 3537 quis
1196 3473 1256 3522 tau-

149 3543 193 3592 tus
210 3536 383 3589 multitudinis
401 3553 558 3604 concursus,
586 3537 645 3606 quis
663 3539 821 3602 conventus,
850 3554 918 3606 quae
936 3535 1096 3600 celebritas?
1130 3537 1189 3606 quis
1207 3552 1256 3590 nos

151 3623 240 3659 omnes
264 3605 409 3659 evocavit?
444 3607 503 3675 quis
525 3605 658 3659 concivit‘tl
693 3605 775 3659 vultis
798 3605 902 3660 dicam?
938 3623 1024 3659 annon
1044 3622 1059 3656 e
1080 3623 1111 3658 re
1131 3606 1213 3660 fuerit
1230 3605 1257 3660 ei

149 3675 236 3744 potius
255 3675 358 3728 dicendi
376 3694 407 3729 ac
425 3675 589 3730 celebritatis
607 3691 711 3728 causam
729 3676 884 3744 explanandi
899 3677 1049 3744 remittere,
1073 3674 1119 3744 qui
1137 3676 1193 3729 eius
1211 3693 1257 3727 au-

150 3752 208 3796 ctor
233 3749 260 3797 et
286 3747 392 3816 sapiens
418 3745 575 3798 architectus
599 3744 704 3798 fueriti
738 3745 782 3796 ille
808 3745 904 3816 quippe
925 3761 1053 3814 praesens
1076 3751 1256 3814 argumentum

149 3815 323 3898 opportunius
340 3823 492 3880 recenseat,
516 3815 562 3884 qui
581 3815 666 3868 anbno
684 3813 758 3882 prius
776 3815 911 3885 conceptis
927 3833 1015 3870 rerum
1030 3815 1123 3868 formis
1140 3813 1257 3867 inimita-

148 3881 203 3937 bne
219 3882 246 3935 in
262 3889 335 3936 terra
353 3901 418 3968 opus
436 3883 627 3954 sapientissime
645 3883 775 3940 condidit.

250 3953 330 4006 Dicas
346 3954 429 4024 igitur
446 3954 537 4021 nobis,
555 3953 696 4025 imperator
708 3951 809 4006 Christi
821 3951 994 4006 amantissime
1006 3969 1037 4006 ac
1048 3948 1256 4020 religiosissime,

150 4021 198 4088 qui
220 4021 370 4076 decessores
393 4041 481 4078 omnes
501 4041 554 4076 una
570 4031 598 4076 et
615 4022 749 4076 antecellis
766 4040 797 4076 ac
814 4022 951 4092 dignitatis
967 4021 1103 4076 consortio
1120 4017 1255 4088 praeclare

151 4105 278 4158 exornas,
303 4093 374 4145 dicas
392 4093 554 4146 auditoribus
571 4093 669 4160 alacri,
692 4096 723 4145 ut
739 4091 830 4160 vides,
851 4092 935 4146 aniruo
952 4089 1134 4154 adstantibus,
1150 4102 1203 4156 qua
1219 4088 1254 4142 ds

150 4173 232 4210 censa
254 4175 301 4211 nos
323 4161 489 4216 invitaveris.
523 4161 632 4216 ostende
647 4161 737 4216 verbis
755 4179 786 4216 ea
804 4179 872 4234 quae
889 4161 1013 4233 operibus
1028 4157 1253 4228 praemonstrasti.

151 4243 212 4279 num
235 4243 326 4281 rursus
344 4232 456 4286 devictis
473 4234 594 4286 barbaris
611 4239 654 4286 tro
674 4249 722 4286 aea
740 4232 863 4301 erexisti,
906 4232 1009 4284 uulibus
1026 4243 1074 4279 nos
1090 4227 1254 4296 frequentis·

151 4297 232 4367 sime,
258 4314 345 4354 amore
367 4303 453 4356 nostri
475 4309 632 4371 commotus,
655 4251 801 4360 liberaliter
818 4299 959 4374 excepisti,
984 4313 1084 4366 nosque
1100 4297 1253 4352 convocasti
