2802 4636
467 1113 505 1202 L
535 1113 578 1198 A
608 1111 659 1198 M
686 1111 724 1200 B
755 1113 793 1200 E
820 1110 856 1202 C
886 1113 956 1198 11

196 1301 263 1375 nu
292 1297 513 1414 caenon
540 1298 722 1386 oonnu
747 1301 873 1379 vrrr
898 1299 968 1374 ΕΤ
997 1299 1230 1378 sourrrrs

404 1477 606 1546 BREVIS
643 1479 1024 1548 DISSERTATIO.

158 1841 349 1967 Georgium
378 1883 536 1950 Godinum
561 1909 626 1950 non
654 1889 712 1949 sub
740 1887 858 1952 ultimis
873 1895 1006 1954 „tantum
1031 1886 1271 1976 imperatoribus

157 1989 332 2076 Gpolitanis
364 1989 501 2069 vixisse,
537 1989 595 2054 sed
628 1988 821 2075 aliquamdiu
843 1990 949 2054 etiam
980 1991 1171 2078 superfuisse
1199 2001 1272 2078 post

154 2093 260 2178 ipsam
300 2089 437 2177 Gpoleos
471 2093 752 2176 expugnationem,
792 2113 833 2154 ex
863 2093 961 2176 ipsius
994 2094 1116 2179 scriptis
1149 2090 1271 2176 liquido

156 2203 295 2281 apparet.
348 2195 544 2278 curopalates
569 2212 646 2256 vero
673 2212 865 2271 cognomen,
892 2189 977 2274 quod
1003 2194 1035 2255 ei
1059 2196 1098 2257 ab
1125 2193 1189 2258 illis
1214 2195 1271 2258 tri·

154 2287 261 2360 buitur
294 2295 348 2381 qui
380 2296 497 2358 librum
530 2293 597 2358 eius
630 2292 670 2356 de
707 2293 832 2358 Officiis
864 2295 973 2382 palatii
1012 2294 1062 2360 GP
1095 2294 1270 2378 ediderunt,

154 2399 278 2464 inillis
304 2419 383 2486 quos
413 2419 471 2480 ego
497 2393 567 2464 ridi
592 2395 752 2462 codicibus
777 2418 873 2484 manu
901 2397 1023 2484 scriptis
1045 2421 1110 2464 non
1129 2401 1272 2489 repperi3

156 2515 189 2567 et
221 2501 346 2564 facilius
379 2504 481 2566 multo
516 2497 642 2564 credam
674 2502 859 2588 impositum
890 2500 921 2563 ei
949 2503 1048 2566 fuisse
1074 2506 1271 2590 curopalatae

157 2625 347 2688 cognomen,
376 2605 448 2692 quia
463 2603 515 2668 'de
538 2602 664 2670 Officiis
687 2606 796 2694 palatii
816 2603 955 2692 scripsit,
982 2626 1076 2692 quam
1098 2605 1181 2692 quod
1201 2608 1271 2696 ipse

157 2712 355 2798 curopalates
379 2708 562 2790 dignitatem
585 2708 762 2772 obtinuerit.
814 2720 972 2800 caeterum
991 2709 1075 2796 quod
1096 2709 1137 2772 ad
1157 2712 1271 2800 scripta

158 2815 226 2878 eius
253 2813 378 2891 attinet,
411 2834 477 2876 non
503 2824 668 2900 propterea
695 2809 846 2877 duntaxat
870 2801 968 2877 rano
983 2811 1121 2898 quodam
1145 2813 1271 2900 praeiu-

159 2915 244 2980 dicio
276 2914 483 3004 improbanda
516 2927 604 2995 aunt,
637 2915 786 3001 quoniam
815 2911 955 2980 Codinus
981 2912 1123 2980 ducentis
1150 2927 1271 2982 tantum

158 3019 279 3106 abhinc¹
308 3018 397 3082 annis
426 3019 549 3099 flonrit3
588 3018 704 3108 quippe
737 3019 808 3106 qui,
842 3037 1044 3106 quaecunque
1077 3016 1193 3100 edidit,
1228 3041 1270 3085 ex

159 3122 385 3208 antiquioribus
411 3133 443 3186 et
468 3123 568 3204 magis
593 3122 732 3210 probatis
758 3122 1117 3210 auctoribusexcerpsit
1143 3134 1176 3186 et
1202 3125 1270 3186 col·

159 3228 244 3308 legit.
295 3245 370 3290 nam
395 3224 481 3313 quod
504 3225 642 3313 primum
664 3225 746 3288 inter
768 3227 919 3314 opuscula
938 3225 1005 3288 eius
1023 3229 1131 3290 locum
1151 3226 1271 3290 obtinet

161 3342 193 3393 et
215 3330 394 3393 inscribitur
416 3330 484 3414 περὶ
506 3333 568 3394 τῶν
591 3329 727 3414 πατρίων
751 3329 820 3394 sive
846 3328 886 3392 de
909 3329 1080 3410 originibus
1107 3328 1172 3410 GP,
1201 3330 1269 3394 eius

159 3433 262 3498 maior
293 3453 372 3520 pare·
397 3435 588 3500 verbotenus
621 3431 775 3520 descripta
806 3445 854 3502 est
880 3453 922 3498 ex
946 3431 1109 3516 Hesychio
1132 3431 1269 3515 Milesio,

159 3537 281 3624 reb'qna
315 3555 392 3602 vero
425 3541 479 3601 ex‘
500 3534 620 3620 Glycae
650 3536 837 3616 Annalibus,
875 3535 1023 3600 chronico
1057 3535 1269 3603 Alexandrino

161 3652 193 3704 et
218 3641 282 3703 alio
310 3637 449 3725 quodam
472 3633 630 3704 hactenus
649 3661 714 3704 non
739 3638 843 3720 edito,
879 3631 966 3728 cuius
992 3651 1100 3705 auctor
1124 3651 1181 3704 est
1198 3641 1268 3727 qui-

162 3739 236 3809 dam
261 3739 360 3806 Iulius
381 3733 518 3828 Pollux,
550 3743 676 3830 antiquo
697 3743 772 3826 illo,
806 3742 860 3828 qui
886 3741 1062 3809 Commodo
1077 3743 1270 3834 'imperatori

162 3841 402 3911 Onomasticum
428 3869 519 3912 suum
547 3845 720 3928 dedicavit,
746 3847 865 3934 aliquot
883 3847 1023 3936 saeculis
1049 3849 1203 3912 recentior
1224 3844 1267 3930 *).

162 3950 233 4014 libri
270 3971 346 4014 vero
388 3947 428 4014 de
469 3951 578 4014 statuis
612 3952 714 4038 prima
746 3973 822 4040 pars„
855 3948 896 4016 de
927 3951 1102 4018 simrdacris
1137 3950 1267 4014 deorum

163 4053 324 4132 gentilium
357 4073 399 4118 ex
432 4053 593 4118 Phurnuto
627 4053 791 4142 desumpta
824 4066 872 4120 est
904 4066 935 4118 et
964 4076 1006 4118 ex
1033 4051 1159 4118 Ioannis
1184 4050 1267 4134 Lydi

230 4247 268 4315 *)
302 4246 388 4302 editus
404 4263 474 4304 nunc
492 4248 526 4304 ab
542 4247 664 4304 Hardtlo.
