2802 4636
516 291 575 356 DE
601 285 740 358 SIGNIS
767 289 828 358 GP.
939 389 943 398 Ι
1172 289 1222 362 ⁶5

121 505 231 569 ρηται,
253 476 451 554 ’Λπόλλωνος
475 483 532 544 acii
553 504 586 544 τε
609 476 703 559 Διός,
729 481 780 545 καλ
806 471 955 564 Καράνου
977 481 1034 544 acri
1055 481 1223 566 navarrico,

122 585 359 666 Διοκλητιανοῦ,
377 585 428 646 καὶ
446 581 480 646 τό
499 580 731 664 δωδεκάζωδον,
749 585 799 648 καλ
816 578 836 664 ἦ
854 578 971 665 Σελήνη
989 583 1039 646 καί
1056 577 1076 666 ἦ
1093 583 1224 671 Ἀφρο-

124 692 206 771 δίτη,
234 690 283 750 καὶ
307 683 323 749 ό
351 685 520 771 άρκτοῦρος
543 687 641 774 ἀστὴρ
665 686 751 774 παρὰ
773 683 831 752 driu
850 688 1011 772 Περσικῶν
1028 691 1146 769 στηλῶν
1162 694 1224 768 βα-

123 787 319 872 σταζόμενυς,
346 791 397 853 καί
416 785 432 853 ὃ
449 785 548 866 νότιος
564 787 673 868 πόλος,
697 793 748 855 καὶ
766 786 786 873 ἦ
806 789 897 876 λίρεια
914 794 967 873 τῆς
980 788 1127 873 Ἀθηνᾶς
1133 838 1143 869 ,
1162 790 1222 855 einh

95 900 175 962 5τοῦ
198 899 333 978 πλευροῦ
355 891 407 957 τὸν
426 889 546 977 Ἱέρωνα
571 891 741 980 φιλόσοφον
756 889 979 976 μαντευόμενον
995 891 1116 974 ἔχουσα.
1168 893 1224 960 οὐκ

118 999 218 1082 ὀλίγαι
243 998 276 1060 δὲ
300 999 511 1082 Χριστιανῶν·
536 1000 585 1060 καί
610 997 678 1062 δίον
701 999 734 1062 ἐκ
756 1002 817 1062 τῶν
832 1001 954 1062 πολλῶν
972 993 1080 1081 όλίγων
1098 998 1223 1082 ἔπιμνη-
1239 1010 1261 1068 P
1279 1011 1313 1066 55

117 1107 254 1184 σθῆναι,
276 1101 507 1164 Κωνσταντίνου
525 1106 581 1166 τοῦ
596 1098 730 1186 μεγάλου
748 1103 799 1166 καὶ
816 1097 1017 1177 Κῶνσταντος
1033 1103 1084 1165 καὶ
1100 1098 1223 1168 Γάλλου

117 1207 170 1270 καλ
198 1203 364 1269 Θεοδοσίου
387 1205 438 1268 καὶ
459 1203 626 1268 Ἰουλιανοῦ
649 1206 823 1292 Καίσαρος,
858 1206 910 1268 καὶ
934 1200 1038 1290 ἓτίρου
1058 1203 1224 1272 Ἰουλιανοῦ

116 1306 273 1395 ἐπάρχου,
296 1308 440 1371 Λικινίου
457 1305 657 1392 Αὐγούστου,
684 1309 951 1386 Οὗαλιντινιανοῦ,
975 1309 1026 1372 καί
1045 1307 1224 1388 Θεοδοσίου,

73 1429 109 1484 10
119 1415 173 1477 καὶ
200 1411 374 1498 Ἀρκιιδιόυ
405 1418 461 1476 τοῦ
485 1410 555 1475 υἱοῦ
580 1411 692 1490 αὐτοῦ,
717 1413 767 1474 καί
792 1412 986 1496 Σεραπίωνος
1010 1407 1146 1491 cincimo,
1171 1415 1225 1478 καλ

110 1513 237 1598 Ἑλένης
253 1521 307 1596 τῆς
322 1513 439 1600 μητρός
456 1515 689 1580 Κωνσταυτίνου
706 1522 803 1599 τρεῖς,
826 1510 846 1596 ἦ
863 1514 919 1596 μίν
935 1513 992 1594 μία
1008 1521 1154 1601 πορφυρᾶ
1171 1515 1223 1580 διὰ

114 1617 308 1704 μαρμάρων,
334 1616 422 1704 ἕτίρα
448 1617 500 1682 διὰ
522 1620 670 1706 ψηφίδων
692 1617 833 1704 ἀργυρῶν
850 1617 881 1681 ἰν
894 1621 1002 1704 χαλκῶ
1018 1619 1110 1699 κίονι,
1136 1615 1223 1701 καὶῆ

114 1722 196 1807 άλλη
215 1719 440 1810 ἐλεφαντιόδης,
465 1718 595 1808 Κάπρου
612 1719 741 1810 ῥήτορος
756 1719 1017 1808 προσενέγκαντος.

218 1823 255 1890 Ὁ
278 1817 416 1908 Moesta
439 1824 608 1913 στρατηγός
631 1823 707 1908 μετὰ
724 1822 759 1888 τὸ
776 1829 897 1906 νικῆσαι
914 1822 985 1899 τοδς
1002 1818 1129 1898 Σκάθας
1146 1821 1224 1886 κατά

72 1945 109 1997 15
119 1927 232 2016 κράτος
249 1927 345 2013 στήλη
361 1925 482 2010 ἠξιώθη
499 1935 670 2011 τιμηθῆναι
687 1929 718 1991 ἓν
735 1932 778 2013 τῷ
795 1925 970 2012 καλουμένῳ
988 1921 1100 2013 ῶρείιγ,
1117 1923 1263 2002 detracti

117 2036 171 2098 xci
188 2030 295 2113 μόδιον
313 2037 467 2094 καλοῦσιν.
517 2023 557 2113 ἦν
575 2032 607 2094 δὲ
625 2029 718 2094 καλὸν
734 2025 914 2114 ῶρολόγιον,
932 2027 1009 2092 ἔνθα
1021 2033 1075 2092 νῦν
1085 2031 1226 2094 λ’στανται

118 2139 217 2209 κίονες
230 2137 279 2196 καὶ
294 2131 371 2216 ιλιγλς
384 2131 461 2216 πρὸς
473 2131 524 2196 τὸν
539 2129 697 2216 λεγόμενον
711 2129 791 2196 οἶκον
805 2133 975 2218 Κρατεροῦ.
1027 2129 1103 2195 ἔνθα
1116 2134 1224 2196 ἵστατο

118 2240 173 2302 καί
196 2235 305 2318 μόδιος
322 2240 459 2318 χαλκοῦς
484 2236 535 2298 καὶ
560 2232 665 2322 ῶριῖον
687 2237 738 2299 καὶ
756 2229 811 2298 cloio
824 2244 924 2320 χεῖρες
936 2239 1055 2315 χαλκαῖ
1067 2234 1114 2296 ἐπὶ
1132 2235 1224 2300 άκον-

117 2343 203 2408 τίων.
254 2338 307 2403 τὸν
332 2339 366 2403 δὲ
387 2335 496 2421 μόδιον
518 2337 586 2404 δίον
610 2339 672 2404 ἐστὶ
688 2338 963 2430 μηπαραδραμεΐν
979 2333 1077 2422 ἡμᾶς,
1103 2333 1150 2404 ότι
1174 2340 1224 2406 snt

187 2539 206 2592 2
232 2531 279 2588 κοιλ
296 2527 332 2586 roi
349 2528 459 2586 δώδεκα
477 2527 563 2596 ζάδια
581 2534 615 2587 C.
736 2531 755 2590 4
778 2527 908 2604 ἠέριδίιι
931 2539 961 2588 et
985 2528 1144 2605 ἡίερίβοιιι
1169 2535 1223 2590 alii.

189 2608 206 2659 5
224 2601 274 2658 τόν
288 2599 418 2669 Ἱέρωνα]
442 2596 494 2688 την
506 2591 577 2668 Ἰριν
593 2597 773 2671 άφιλοσόφως
788 2601 980 2672 μαυτεάουσαν
998 2599 1107 2673 ἔχουσα.
1142 2598 1173 2657 ἐκ
1191 2599 1225 2656 δὲ

188 2675 245 2728 τῶν
256 2672 427 2738 Χριστιανῶν
440 2687 492 2725 ουκ
505 2666 595 2740 ὀλίγαι
606 2667 672 2740 μὲν,
690 2671 727 2734 cle
738 2667 819 2726 εἷπον
837 2675 891 2742 (C,
911 2668 975 2728 ὦσελ
986 2668 1160 2742 ὀγδοήκοντα
1171 2675 1221 2794 Ε’γ.

188 2743 238 2797 καὶ
255 2738 321 2794 δέον
339 2743 397 2794 CF.
525 2741 543 2796 6
560 2736 655 2806 ὀλίγας
671 2742 859 2808 μνημονεῦσαι
874 2745 909 2797 F.
1033 2743 1141 2812 7priua
1158 2760 1194 2794 κα
1212 2744 1224 2810 ]

189 2809 384 2866 Κωνσταντίου
401 2811 435 2863 F.
575 2805 685 2861 Γάλλου
713 2810 866 2864 Θεοδοσίου
889 2827 919 2864 τε
943 2804 1160 2866 καλἸουλιαυοῦ
1175 2811 1225 2863 κοιλ

195 2878 348 2933 Θεοδοσίου
384 2879 436 2929 τοῦ
470 2869 566 2940 isiaco
594 2876 643 2930 κοιλ
665 2873 809 2947 Ἀρκαδίου
835 2880 875 2946 C,
907 2879 1037 2948 Γαληνσῦ
1061 2878 1227 2946 νιυαίστοροσ

191 2953 253 3002 Λικ.
271 2951 306 3001 F.
343 2947 499 3013 Γαλλιηνοῢ
515 2947 605 2999 hamb.
717 2951 752 3003 10
766 2945 906 3001 ὑπατικοῦ
922 2949 956 3002 F.
1066 2949 1100 3000 12
1118 2944 1226 3016 μοιργά·

191 3037 249 3086 ρων
267 3018 300 3068 C.
387 3015 421 3070 14
436 3015 696 3084 alterutrant.
778 3017 941 3084 Μαναναῆυ
958 3016 992 3070 F.
1071 3017 1105 3072 16
1122 3013 1224 3087 καλόν]

189 3084 279 3141 πάλαι
296 3085 387 3140 hamb.
491 3084 525 3140 17
542 3084 651 3140 ἵσταται
669 3088 702 3144 C.
807 3086 842 3142 18
858 3081 1010 3158 ὡρολόγιον
1025 3084 1119 3144 Lanu.

120 3265 199 3329 lium,
225 3260 352 3331 Apollinis
376 3275 482 3328 nempe,
506 3259 593 3326 Iovis,
619 3259 696 3326 Cari,
720 3258 876 3314 Diocletiani
893 3262 920 3311 et
938 3256 1074 3310 duodecim
1090 3257 1225 3326 signorum

120 3332 284 3397 caelestium,
303 3331 365 3382 item
382 3329 488 3396 Lunae,
506 3327 617 3382 Veneris
635 3339 662 3381 et
678 3331 785 3382 Arcturi
801 3328 909 3394 sideris,
946 3327 999 3379 uod
1016 3328 1083 3380 duae
1100 3326 1225 3380 Persicae

120 3404 258 3454 columnae
275 3399 423 3465 sustinent,
449 3405 477 3450 et
494 3399 548 3466 poli
565 3399 702 3463 australis,
727 3406 754 3452 et
772 3397 918 3451 sacerdotis
967 3397 1089 3463 nervae,
1115 3414 1132 3449 a
1150 3397 1226 3450 cuius

119 3473 206 3524 latere
229 3471 319 3522 stabat
342 3469 416 3520 Hero
440 3467 609 3538 philosophus
629 3467 762 3521 fatidicus.
798 3466 1007 3520 Christianorum
1023 3465 1103 3518 etiam
1120 3471 1226 3519 statuae

119 3541 193 3593 inter
210 3557 255 3592 eas
273 3543 349 3590 erant
365 3555 418 3590 nnn
435 3555 549 3608 paucae,
571 3555 605 3590 ex
622 3553 728 3604 quarum
747 3554 853 3590 numero
870 3535 1031 3604 quarundam
1046 3535 1167 3588 facienda
1184 3542 1226 3588 est

119 3609 233 3676 mentio,
263 3607 433 3660 Constantini
458 3607 561 3674 magni,
590 3607 758 3675 Constantis,
787 3605 915 3673 Gallieni,
943 3604 1103 3672 Theodosii,
1130 3605 1225 3657 Iuliani

120 3680 246 3731 Caesaris
277 3683 304 3730 et
333 3677 439 3728 alterius
464 3677 559 3728 Iuliani
585 3675 730 3746 praefecti,
759 3675 856 3728 Licinii
880 3673 1009 3742 Augusti,
1038 3673 1225 3740 Valentiniani,

119 3748 269 3802 Theodosii
286 3747 395 3814 eiusque
412 3745 461 3797 filii
476 3745 598 3811 Arcadii,
623 3752 651 3798 et
668 3746 821 3814 Serapionis
839 3743 962 3796 consulis.
996 3743 1116 3796 Helenae
1132 3743 1224 3797 matris

120 3816 287 3870 Constantini
304 3823 360 3868 tres
377 3815 448 3866 inter
466 3831 510 3866 eas
528 3823 604 3867 erant
622 3822 741 3877 statuae3
764 3831 816 3866 una
833 3831 867 3866 ex
883 3829 1009 3866 summere
1026 3813 1224 3882 porphyretico,

119 3889 205 3940 altera
222 3905 255 3940 er
272 3886 368 3937 crustis
386 3884 520 3953 argenteis
538 3901 617 3955 supra
631 3885 774 3937 columnam
787 3900 903 3950 aeream,
921 3882 1002 3936 tertia
1014 3899 1078 3935 vero
1090 3900 1124 3936 ex
1136 3883 1224 3946 ebora,

119 3975 199 4028 quam
217 3955 308 4027 posuit
325 3955 414 4022 Cyrus
431 3953 530 4006 rhetor.

223 4024 338 4079 Manaim
354 4019 504 4093 praefectus
521 4022 630 4074 militum
646 4027 707 4091 post
721 4021 838 4090 Scythas
853 4019 961 4074 fortiter
973 4021 1092 4073 devictos
1108 4019 1221 4070 statuam

119 4096 216 4148 meruit
236 4095 264 4146 in
286 4095 342 4145 loco
364 4100 512 4162 nuncupato
528 4093 647 4158 Horrea,
675 4109 750 4160 quem
768 4091 872 4160 quidam
889 4091 966 4143 etiam
982 4099 1079 4142 vocant
1095 4083 1220 4138 Modiam.
1243 4093 1244 4096 ’

120 4171 181 4217 erat
203 4171 289 4216 autem
311 4163 370 4214 olim
394 4163 537 4229 Horreum,
566 4161 612 4214 ubi
630 4179 697 4214 nunc
714 4160 787 4215 stant
805 4161 938 4214 columnae
955 4163 984 4212 et
1001 4159 1154 4209 accusante
1172 4153 1221 4205 do-

119 4249 189 4286 mum
214 4249 281 4300 quac
303 4232 449 4302 appellatur
471 4232 591 4288 Crateris
616 4231 710 4284 ibidem
728 4231 853 4284 collocata
870 4236 947 4283 erant
964 4224 1065 4278 modius
1082 4237 1175 4303 aereus
1193 4231 1222 4304 et

119 4301 284 4368 horologium
310 4309 338 4354 et
362 4301 430 4354 duae
454 4318 544 4354 manus
567 4318 661 4354 aereae
685 4301 769 4356 hastis
788 4301 895 4354 infixae.
931 4307 1017 4361 neque
1040 4289 1091 4340 hoc
1115 4289 1220 4344 εὐνοῶν

164 4379 266 4450 Georg.
289 4379 353 4432 Cocl.
375 4381 408 4432 de
430 4378 506 4450 Orig.
530 4379 577 4447 Cp.
