2814 4608
437 235 493 302 AD
521 231 719 298 CODINUM
743 231 896 299 NOTAE.
1142 233 1215 303 217

117 418 309 491 Iustinianei,
344 425 419 476 teste
451 414 594 474 cedreno.
645 422 709 471 erat
740 423 841 471 autem
871 409 922 470 hic
952 411 1096 471 balneum
1127 415 1218 471 etiam

119 502 203 562 aliud
223 503 338 576 minus,
359 503 391 558 in
414 499 495 580 quod
517 509 615 558 exstat
637 500 821 578 epigramma
841 496 923 557 istud
942 500 1061 557 Leontii
1081 495 1218 558 Scholia-

119 591 187 648 stici
208 585 330 647 Anthol.
352 587 373 647 l.
395 583 434 648 4:

246 697 287 752 μη
280 668 430 776 νεμέσα,
456 665 619 746 Ζεύξιππε,
641 667 871 772 παρανιίλλονιι
891 671 1016 777 λοειρῷ·

246 756 297 818 καί
318 752 449 838 μεγάλην
469 781 530 836 παρ
535 750 682 834 ’όίμαξαν
701 749 848 838 ἔροιτόλος
865 751 927 834 ndu
946 731 1073 832 φαείνει.
1094 757 1218 816 Muuns.

202 863 232 922 Ρ.
254 845 295 904 12
314 861 343 902 v.
361 845 413 903 22
454 837 491 902 cri
511 845 572 902 cciv
593 835 714 920 babone
734 839 939 941 γνωρίσματα]
960 838 1104 919 Hesychii
1124 843 1219 900 inter-

119 947 188 1008 pres
207 947 263 1006 pro
284 922 402 1027 ἐφόρων
422 925 586 1004 legendum
607 945 672 984 esse
692 936 796 986 monet
818 920 951 1004 ἐφόδων,
980 945 1103 1006 eamque
1131 947 1219 986 secu-

119 1023 167 1072 tus
192 1014 406 1072 correctionem
427 1009 502 1070 haec
522 1014 564 1070 ita
584 1013 692 1068 Latine
713 1014 819 1071 vertit:
851 1011 905 1068 ubi
925 1013 1088 1070 etiamnum
1109 1033 1220 1071 curva·

120 1109 205 1155 turae
231 1117 408 1156 ascensuum
433 1097 546 1156 indicia
569 1096 718 1168 exhibent,
745 1119 803 1176 per
828 1099 995 1176 superiora,
1025 1118 1102 1176 quae
1122 1101 1221 1156 aeneis

120 1182 254 1242 obeliscis
283 1180 469 1244 incumbunt.
519 1181 574 1241 sed
600 1183 778 1242 vertendum
807 1192 852 1242 est
882 1183 994 1264 absque
1023 1184 1086 1240 ulla
1115 1185 1221 1242 Graeci

119 1279 222 1327 textus
249 1269 431 1328 mutatione:
465 1265 518 1324 ubi
538 1270 701 1326 etiamnum
721 1279 815 1327 metae
835 1267 957 1327 deorum
971 1266 1148 1346 praesidum
1169 1290 1220 1326 eu-

120 1353 223 1412 bibent
252 1351 382 1425 indicia,
411 1373 468 1411 ονα
497 1354 639 1410 nimirum
666 1357 766 1414 aeneis
794 1353 928 1411 obeliscis
956 1353 1112 1430 impositu?
1148 1374 1221 1412 nam

119 1460 176 1518 per
203 1432 349 1520 ἐφόροις,
381 1435 439 1497 hoc
469 1449 514 1497 est
542 1437 695 1518 praesides
726 1449 756 1497 et
784 1440 983 1518 inspectores,
1011 1441 1221 1516 intelliguntur

119 1525 273 1598 Dioscuri,
297 1523 405 1604 quibus
428 1521 559 1582 dicatum
579 1525 673 1584 fuisse
695 1525 887 1604 (lpolitanum
904 1521 1138 1604 hippodromum
1155 1526 1220 1602 ipsa

119 1606 288 1690 Hesychius
316 1609 407 1688 paulo
433 1619 502 1667 anta
524 1610 662 1672 affirmat
704 1610 834 1690 ideoque
855 1610 1010 1689 subiungit
1032 1609 1071 1668 ad
1092 1628 1146 1668 sua
1167 1629 1221 1668 us-

120 1713 180 1774 que
200 1705 337 1774 tempora
357 1705 522 1754 castrorum
542 1696 614 1754 ibi'
604 1697 735 1774 insignia
755 1697 969 1775 permansisse,
1000 1713 1056 1754 ova
1078 1695 1222 1754 nimirum

119 1799 211 1884 supra
244 1789 341 1840 metas
369 1782 470 1839 aeneis
498 1782 636 1842 obeliscis
661 1783 812 1860 imposita.
855 1793 1007 1840 caeterum
1035 1791 1104 1861 post
1131 1781 1221 1840 verba

118 1871 183 1938 τοῖς
201 1869 322 1946 χαλκοῖς
342 1860 506 1946 ὀβελίσκοις
526 1866 605 1927 adde
626 1888 667 1926 ex
686 1865 854 1970 Hesychio,
878 1886 955 1947 quae
974 1865 1055 1946 apud
1074 1865 1222 1924 Godinum

118 1969 278 2031 perperam
310 1953 421 2010 omissa
452 1961 539 2028 sunt,
571 1951 621 2016 ἐπὶ
649 1949 683 2016 δὲ
710 1946 830 2027 τούτοις
857 1952 910 2013 nai
933 1947 1126 2032 στρατιωτικοὶ
1154 1949 1222 2024 τέλη

119 2035 304 2138 πΡοσίνειμε.
354 2033 549 2118 στρατιωτικοὶ
579 2035 647 2117 τέλη
678 2035 729 2096 hic
761 2037 930 2140 significant
960 2033 997 2099 ιδ
1029 2033 1222 2142 στρατιωτικοί

118 2143 269 2201 suppara,
301 2131 336 2180 ut
365 2120 446 2202 apud
474 2125 639 2184 Homerum
665 2119 802 2182 Iliad‘
773 2142 813 2203 a:
845 2116 962 2204 δόρπον
984 2115 1086 2183 ἔπειθ’
1108 2121 1222 2184 εἵλοντο

17 2281 24 2291 ·
119 2203 197 2268 κατδ
216 2201 342 2288 στρατόν
362 2205 396 2269 ἐν
416 2205 571 2274 τελέεσσιν.
614 2209 753 2268 similiter
773 2207 953 2288 exponenda
972 2218 1042 2267 sunt
1058 2208 1113 2265 illa
1131 2208 1223 2265 verba

120 2289 202 2370 apud
223 2289 424 2372 Hesychium,
448 2295 531 2354 cuius
552 2296 698 2374 interpres
718 2297 809 2374 longe
824 2292 942 2354 diverso
956 2313 1047 2352 sensu
1061 2295 1102 2352 ita
1117 2295 1221 2352 vertit:

119 2387 148 2433 et
171 2379 339 2457 assignarit
358 2381 393 2436 in
412 2377 493 2438 banc
512 2399 576 2437 rem
596 2381 747 2458 impensas
768 2400 783 2437 e
804 2379 931 2438 militari
948 2380 1075 2437 aerario.
1118 2381 1220 2437 Ιιιιιιιι.

201 2483 231 2542 Ρ.
253 2463 343 2525 13ι.
363 2465 393 2526 3
435 2457 628 2542 Ἀνιοινινία]
650 2467 765 2544 corrige
779 2464 920 2542 Suidam,
942 2463 1022 2544 apud
1037 2484 1128 2566 quem
1141 2466 1221 2521 male

117 2547 227 2625 legitur
241 2542 425 2612 α’ντιινιίαρ
403 2573 424 2629 η
438 2545 676 2624 redimitione.
720 2561 790 2630 post
806 2545 984 2615 Ἀντσινινία
994 2543 1113 2630 ἡπόλις
1124 2573 1220 2611 naca-

117 2628 260 2736 νοΡόζειο
290 2633 368 2692 adde
398 2655 439 2692 ax
465 2636 615 2713 Hesychio
640 2655 717 2715 quae
738 2634 789 2694 hic
811 2638 922 2696 omissa
943 2646 1029 2694 sunt.
1063 2631 1166 2712 ἐπειδὴ
1189 2631 1222 2696 δὲ

118 2723 182 2789 τοῖς
209 2719 309 2788 θείοις
336 2720 398 2778 τοῖν
426 2718 575 2797 βασιλέοιν
598 2714 751 2798 ἀπεδόθη,
783 2713 877 2793 αὖθις
897 2717 931 2782 τό
954 2715 1118 2794 Βνζόντιον
1140 2718 1222 2783 civo-

119 2795 242 2880 μόζειο,
273 2800 306 2858 id
327 2810 387 2874 est,
412 2813 573 2881 postquam
594 2815 696 2862 autem
718 2807 751 2861 in
772 2825 929 2864 numerum
949 2806 1088 2862 divorum
1109 2805 1222 2861 relatus

120 2895 163 2942 eet
190 2885 253 2962 (sc.
282 2885 448 2963 Severus),
476 2890 584 2944 iterum
611 2889 757 2966 Byzantii
780 2909 888 2947 nomeu
908 2888 981 2946 urbs
1000 2890 1131 2992 occepit.
1167 2887 1222 2946 sed

120 2968 202 3049 apud
223 2967 408 3050 Hesychium
428 2992 483 3050 pro
505 2965 647 3052 α’πεδόθη
662 2975 830 3033 necessario
846 2972 1037 3033 scribendum
1051 2983 1096 3032 est
1111 2965 1221 3034 όπεδό-

119 3062 239 3133 θησαν,
268 3067 302 3114 ut
321 3057 465 3116 referatur
484 3056 523 3116 ad
531 3069 722 3160 utrumqne,
743 3062 889 3118 Severum
909 3080 1018 3139 nempe
1040 3070 1070 3117 et
1090 3061 1220 3118 Antoni-

119 3161 195 3198 num
213 3142 415 3218 Caracallum,
449 3146 591 3252 quoniam
612 3165 648 3202 ea
670 3165 747 3225 quae
767 3145 966 3224 praecedunt,
994 3147 1038 3203 ita
1057 3155 1126 3203 sunt
1147 3165 1220 3202 con-

118 3237 223 3332 pepta,
253 3225 304 3289 καλ
331 3225 464 3309 μέχριμ
466 3221 568 3290 ἓν
529 3253 566 3291 ον
595 3235 705 3310 περιῆν
732 3233 869 3313 Σεβῆρος
895 3232 945 3294 καὶ
972 3227 988 3293 ό
1014 3223 1122 3292 codron
1148 3235 1220 3303 παῖς

118 3306 307 3386 Ἀντωνῖνος.
348 3324 501 3392 praetereo
522 3314 686 3374 notandum
710 3315 759 3376 hie
779 3319 921 3394 occurrit,
951 3316 1041 3375 verba
1063 3312 1164 3394 ἐπειδή
1187 3312 1220 3376 δὲ

119 3404 182 3469 τοῖς
208 3399 307 3471 θείοις
334 3401 395 3460 cciv
415 3397 526 3501 βασιλί
528 3423 570 3461 ιον
576 3394 738 3505 σίπεδόθη
762 3401 845 3461 idem
866 3403 966 3461 valere
988 3422 1023 3459 ac
1045 3403 1071 3459 si
1093 3400 1220 3460 dixisset

120 3478 193 3560 μειοί
231 3480 264 3546 δὲ
299 3477 349 3544 τὸν
378 3478 516 3547 θάνατον
544 3479 655 3549 adecti:
693 3509 779 3557 nam,
810 3499 845 3546 ut
874 3489 915 3546 ait
944 3487 1107 3545 Tacitus'
1099 3509 1131 3544 ιιι
1159 3488 1218 3543 fine

120 3569 190 3626 libri
220 3569 260 3632 15
290 3569 471 3646 Annalium,
509 3570 598 3628 deum
626 3571 720 3629 honor
744 3575 880 3650 principi
908 3593 969 3630 non
996 3584 1066 3630 ante
1092 3571 1220 3630 habetur

121 3674 213 3732 quam
241 3673 331 3733 agere
357 3656 433 3712 inter
464 3656 596 3714 homines
625 3658 751 3722 desierit.
795 3658 887 3718 simili
917 3661 1021 3716 mortis
1052 3657 1220 3738 periphrasi

119 3741 214 3798 utitur
231 3741 368 3814 Solinus,
390 3741 443 3799 ubi
462 3743 503 3799 ait
521 3741 685 3821 Angitiam
702 3742 821 3800 salubri
838 3745 962 3802 scientia
979 3744 1122 3802 adversus
1138 3765 1220 3801 mor-

121 3821 173 3881 bos
190 3828 383 3896 resistentem,
404 3847 473 3885 cum
494 3829 570 3884 inter
589 3829 722 3886 lzomines
742 3831 839 3887 vivere
859 3830 1003 3902 desiisset,
1025 3830 1112 3887 deam
1129 3827 1219 3886 liabi-

121 3918 184 3966 tam
206 3911 316 3988 fuisse.
358 3913 402 3970 ita
432 3914 514 3970 enim
542 3913 586 3971 ibi
614 3913 832 3973 resumendum
864 3925 910 3974 est
940 3935 981 3973 ex
1009 3916 1217 3995 antiquissimo

122 3993 225 4052 codice
250 3999 286 4059 R.
307 4000 341 4061 P.
363 3997 534 4075 Sirmondi,
567 4020 622 4078 pro
645 4020 680 4058 eo
703 3999 785 4080 quod
805 4001 897 4080 vulgo
916 4001 1043 4080 legitur,
1075 4021 1144 4079 cum
1164 3999 1219 4056 de-

121 4078 213 4136 disset
238 4079 387 4141 bominem
411 4086 518 4143 vivere.
563 4087 658 4144 sicS.
679 4087 862 4164 Augustinus
886 4085 923 4145 de
945 4089 1025 4148 civit.
1046 4086 1144 4144 neit
1181 4085 1216 4148 5:

119 4183 174 4222 neo
195 4165 258 4222 ullo
276 4167 376 4239 nwdo,
396 4171 510 4251 inquit,
534 4172 663 4229 crederet
679 4173 900 4230 verecundiam
905 4169 1072 4232 laudabilis
1080 4171 1219 4248 feminae

118 4251 164 4309 ita
189 4251 223 4310 iu
249 4255 433 4313 contrarium
452 4256 610 4316 divinitate
629 4259 754 4332 mutari,
784 4270 819 4316 ut
838 4257 997 4318 bonoribus
1018 4275 1083 4314 eam
1105 4255 1218 4316 talibus
