2808 4616
529 218 588 285 DE
613 219 647 286 S.
674 216 839 286 SOPHIA.
1165 215 1239 288 141

130 415 262 482 ἰδιωτῶν
279 407 402 498 φέρεται
418 401 507 492 λόγος
523 404 571 472 ὅτι
588 403 605 472 ὃ
623 409 752 493 τροῦλος
767 395 941 491 κισσήρινάς
960 401 1048 470 ἐστιν.
1100 404 1155 472 οὐκ
1173 403 1237 474 ἐστι
1252 421 1276 476 Β

133 518 186 596 bl,
212 516 281 581 ἀλλ’
309 510 444 600 ἐλαφρὸς
467 507 483 575 ὃ
508 511 605 595 πηλὸς
621 513 672 576 καλ
690 506 805 586 λευκός.
855 507 924 592 μετ’
945 507 1040 574 αὐτοῦ
1057 508 1090 573 δὲ
1107 507 1238 598 ἐξήγειρε

133 621 190 698 τὰς
212 619 362 704 τέσσαρας
385 611 503 698 ἁψῖδας
527 614 701 700 εὐμεγέθεις
707 662 717 694 ,
745 611 808 679 εἶθ’
837 611 935 687 οὕτως
957 609 1010 676 τὸν
1033 619 1162 698 τροῦλον
1178 615 1238 682 ἀνὰ

133 722 252 790 δάιλειια
277 720 411 796 τιθέντες
426 718 583 802 βησάλαιν.
633 720 755 802 ἐποίησε
779 718 813 782 δὲ
836 713 852 781 ὃ
877 714 973 802 ἐερειλς
990 715 1079 800 εὐχὴν
1096 720 1164 804 περὶ
1180 743 1238 785 συ-

107 824 269 901 δστάσεοις
295 825 472 906 ἐκκλησίας,
497 825 548 888 καὶ
575 824 695 888 ἐποίουν
721 818 817 899 ὀπάς,
842 817 1007 902 βάλλοντες
1023 818 1160 907 διάφορα
1177 825 1239 888 λεί-

129 949 218 1015 ψανα
242 925 336 1014 ἁγίων
359 924 496 1006 πάντων,
523 926 580 1004 ἕως
597 924 635 992 lv
651 931 817 1014 τρουλιοθῇ
833 921 850 989 ὃ
868 930 1006 1010 τροῦλος.
1057 917 1095 1008 ἦν
1112 925 1147 990 tt
1164 950 1240 992 νεω-

127 1033 246 1122 τερικὸς
264 1030 373 1119 ὄρθιος
390 1028 557 1114 ἱστάμενος.
609 1027 672 1096 cla'
693 1028 789 1107 οὕτως
803 1029 993 1112 ε’μουσίαισαν
1005 1031 1056 1092 καὶ
1069 1029 1241 1118 αἰρθομαρ-

128 1135 282 1227 μάρωσαν
307 1131 400 1200 αὐτόν
406 1181 417 1214 ,
442 1137 495 1200 καὶ
519 1137 562 1209 είς
586 1135 657 1211 τοὺς
681 1133 806 1210 πινσούς
821 1135 872 1198 καὶ
890 1137 933 1209 εἰς
949 1131 1005 1209 τάς
1021 1132 1114 1209 στοάς
1129 1137 1181 1198 καὶ
1198 1137 1241 1212 εἰς
1297 1161 1299 1166 ·

128 1242 169 1308 τά
195 1237 314 1326 μεγάλα
338 1236 436 1303 κιόντα
459 1236 569 1320 ἔβαλον
585 1239 717 1320 λείψανα
734 1236 827 1323 άχίιον
843 1234 1008 1320 ἐπισήμων.
1057 1237 1111 1303 τὸν
1128 1238 1162 1304 δὲ
1178 1237 1240 1304 πά-

86 1361 185 1417 1οτον
204 1344 483 1410 balneatorem
500 1346 672 1406 πολυτελῶν
687 1339 862 1426 μαρμάρων
878 1341 1090 1425 κατίστρωσαν
1097 1389 1108 1421 ,
1135 1340 1185 1406 διά
1205 1368 1238 1409 τε
1255 1350 1281 1406 0

124 1449 287 1532 Ῥωμαίων
313 1447 524 1532 πηχανουσιίον
550 1446 603 1508 καὶ
626 1449 687 1509 τῶν
710 1450 824 1509 λοιπῶν
847 1442 1076 1531 ροδοποικιλιον.
1127 1445 1183 1526 τὴν
1206 1447 1241 1512 tl

130 1551 221 1639 άγίαν
243 1547 411 1639 τράπεζαν,
436 1545 722 1636 προσκαλεσάμενος
738 1549 890 1630 τεχνίτας,
915 1543 1119 1628 ἐβουλεύσατο
1135 1553 1241 1630 βαλεῖν

127 1657 247 1744 χρυσὸν
270 1658 321 1720 καὶ
348 1653 483 1743 ἄργυρον
506 1657 616 1730 λίθους
637 1679 669 1718 τε
692 1653 810 1736 τιμίους
826 1653 859 1716 ἐκ
876 1647 998 1716 πάντων
1004 1697 1014 1730 ,
1039 1652 1241 1739 μαργαρίτας,

126 1757 246 1845 χαλκόν
251 1807 262 1838 ,
288 1761 414 1845 σίδηρον
420 1807 431 1839 ,
456 1755 622 1843 μόλιβδον,
647 1755 736 1824 άελον
756 1759 806 1823 καὶ
824 1763 925 1822 πᾶσαν
941 1753 1018 1838 ὓλην
1034 1756 1244 1842 τετριμμένην.

85 1879 124 1936 15
132 1867 182 1930 καί
214 1864 433 1945 καταμίξαντες
463 1860 625 1949 ἀμφότερα
652 1865 703 1926 καί
726 1856 934 1944 χωνεύσαντες
960 1856 1078 1942 ἔχωσαν
1103 1855 1244 1941 ἀβάκιον.

130 1970 183 2034 καὶ
200 1967 316 2052 ἐγένετο
330 1967 516 2048 θαυμαστὸν
532 1968 583 2030 καὶ
600 1965 764 2049 ἀτίμητον,
782 1967 833 2030 καὶ
849 1960 1003 2048 δρώμενον
1019 1954 1056 2046 ἦν
1073 1960 1243 2046 tetartaeo.

131 2069 209 2136 καθ’
238 2066 368 2151 ἑκάστην
386 2069 419 2132 δὲ
436 2065 554 2156 ἡμέραν
571 2066 587 2133 ὅ
604 2069 751 2151 βασιλεὺς
767 2067 822 2133 δύο
839 2066 934 2150 ἣμισυ
949 2063 1093 2149 χιλιάδας
1111 2063 1243 2154 ἀργύρια

131 2171 235 2256 ἴχυνιν
263 2176 306 2248 είς
332 2171 385 2238 τὸν
408 2179 500 2254 χοῦν·
527 2176 577 2238 καί
594 2171 644 2238 ὅτε
662 2169 812 2260 ἐπλήρουν
829 2173 955 2248 ἕκαστος
973 2169 1074 2236 αὐτῶν
1091 2170 1126 2236 τὸ
1143 2170 1241 2256 loyor,

130 2278 164 2354 ἐξ
190 2277 291 2342 anissis
317 2271 497 2357 ἐλάμβανεν.
555 2275 697 2358 ἐβούλετο
725 2278 759 2338 δὲ
785 2273 802 2334 ὃ
828 2273 973 2352 βασιλεὺς
997 2273 1053 2348 τάς
1077 2272 1242 2360 ὄρθομαρ-

85 2376 288 2467 νομαράσεις
318 2381 369 2442 καὶ
400 2379 454 2443 τὸν
478 2376 576 2444 πάτον
602 2375 674 2441 ὅλον
694 2382 832 2462 χρυσοῦν
856 2380 992 2458 ποιῆσαι.
1044 2374 1183 2442 άντεῖπον
1208 2377 1242 2442 δὲ

130 2483 215 2572 αὐτῷ
240 2481 442 2562 Μαξιμιανὸς
470 2484 521 2546 καὶ
542 2477 693 2568 ‘rapturae
719 2475 736 2544 ὁ
764 2480 815 2544 καὶ
842 2476 1037 2562 σύμβουλος,
1067 2479 1280 2564 Ἀθηναῖοι,1)

130 2585 297 2676 φιλόσοφοι
323 2584 406 2663 ὄντες
431 2586 482 2650 καὶ
505 2582 709 2674 ἀστρονόμοι,
734 2584 870 2670 λέγοντες
892 2581 939 2648 ὅτι
957 2581 1121 2667 μέλλουσιν
1139 2585 1241 2651 ἐλθεῖν

201 2763 237 2819 18
255 2758 365 2832 ἔχανεν]
383 2757 503 2834 ἔκρυψεν
521 2757 561 2824 εἰς
576 2756 610 2816 τά
626 2761 706 2833 χῶμα
723 2761 781 2816 cod.
799 2761 891 2818 Lamb.

132 2934 191 2973 esse
215 2916 378 2986 puniceam,
405 2915 467 2986 quia
489 2915 571 2970 latum
595 2916 658 2970 illud
682 2915 742 2970 leve
767 2921 810 2972 est
833 2922 861 2972 et
882 2918 1031 2972 candidum.
1073 2917 1137 2988 quin
1161 2916 1242 2972 etiam

131 2991 257 3058 quattuor
281 3001 388 3053 magnos
413 2985 528 3040 fornices
554 2988 646 3040 eadem
669 2987 781 3042 materia
804 2991 951 3051 exstruxit3
983 2997 1011 3041 et
1035 2987 1130 3042 deinde
1156 2987 1241 3058 ipsam

130 3055 236 3112 trullam
270 3055 406 3110 duodecim
437 3056 563 3109 lateribus
592 3057 682 3110 eadem
710 3059 780 3111 seria
809 3059 903 3130 positis
932 3065 1084 3112 erexerunt.
1135 3057 1241 3111 interim

132 3127 258 3180 sacerdos
282 3143 331 3194 pro
352 3132 488 3178 structura
510 3127 636 3178 ecclesiae
653 3145 746 3198 preces
761 3130 898 3182 fundebat.
932 3131 1055 3182 iecerunt
1071 3128 1150 3182 etiam
1166 3129 1240 3182 sora-

131 3196 215 3263 mina,
233 3195 327 3266 quibus
345 3195 433 3248 varias
452 3194 563 3248 omnium
580 3204 729 3250 sanctorum
744 3199 871 3268 reliquias
884 3198 1048 3262 indiderunt,
1066 3197 1149 3250 donec
1160 3197 1241 3250 trulla

132 3273 232 3320 armato
258 3283 337 3335 opere
360 3265 541 3333 perficeretur.
584 3281 673 3335 quarn,
698 3268 773 3320 simul
797 3276 878 3338 atque
903 3275 991 3320 erecta
1014 3267 1082 3335 suit,
1107 3272 1242 3320 recentem

132 3336 219 3390 adbuc
247 3335 347 3387 musivo
366 3353 446 3404 opere
464 3343 492 3387 et
510 3353 655 3388 marmorea
671 3337 863 3390 incrustatione
881 3347 1049 3390 exornarunt.
1086 3337 1157 3390 intra
1173 3337 1241 3406 pilas

130 3423 197 3459 vero
229 3415 256 3457 et
285 3405 414 3474 porticus,
432 3421 592 3474 magnasque
617 3406 748 3459 columnas
774 3409 901 3478 reliquias
925 3409 1066 3460 celebrium
1090 3413 1241 3459 sanctorum

132 3475 298 3529 abdiderunt.
332 3474 507 3543 pavimentum
533 3492 638 3544 quoque
662 3476 777 3529 diversis
802 3486 830 3530 et
852 3479 979 3548 pretiosis
1001 3483 1155 3532 straverunt
1173 3493 1241 3529 mar-

133 3545 263 3610 moribus,
288 3544 429 3611 Romanis,
456 3545 559 3596 scilicet
581 3553 658 3598 rutae
681 3547 769 3598 colore
792 3548 954 3614 virentibus,
980 3553 1008 3599 et
1030 3547 1145 3600 caeteris
1162 3561 1240 3600 roseo

132 3615 230 3668 rubore
250 3615 404 3682 variegatis.
439 3615 473 3667 ad
491 3631 582 3666 sacrae
600 3632 663 3667 vero
682 3632 787 3668 mensae
803 3625 962 3670 structuram
979 3617 1013 3670 de
1030 3616 1158 3670 communi
1176 3615 1241 3668 arti·

132 3685 210 3736 ficum
229 3683 354 3752 concilio,
373 3700 438 3736 atrro
455 3692 567 3752 argento
584 3685 713 3754 lapidibus
732 3685 854 3754 pretiosis
872 3693 901 3738 et
917 3687 1080 3756 margaritis,
1098 3703 1159 3739 aere
1176 3701 1242 3754 quo·

133 3769 186 3822 qua
210 3760 238 3806 et
261 3754 347 3817 ferro,
373 3754 478 3823 plumbo
503 3761 532 3806 et
554 3754 641 3822 vitro,
667 3756 802 3823 omnisque
826 3756 931 3824 generis
953 3757 1064 3810 materia
1086 3755 1242 3810 comminuta

131 3822 243 3876 invicem
260 3823 390 3893 permixta
406 3831 435 3875 et
452 3824 579 3888 conflato,
599 3825 707 3877 abacum
724 3825 783 3877 sive
800 3827 915 3879 tabulam
932 3827 1059 3880 luderunt
1074 3827 1140 3878 adeo
1157 3822 1240 3876 admi-

132 3892 242 3945 rabilem
260 3900 288 3946 et
305 3894 451 3961 pretiosum
468 3900 499 3944 ut
514 3894 696 3963 spectantibus
708 3903 840 3964 stuporem
851 3895 981 3950 iniiceret.
1016 3897 1161 3964 imperator
1177 3908 1242 3944 vero

133 3962 250 4028 quetidie
275 3962 317 4016 bis
341 3963 408 4016 mille
425 3963 585 4032 quingentos
603 3972 743 4032 argenteos
758 3967 856 4020 tumulo
875 3968 1020 4032 condebat,
1046 3965 1116 4017 unda
1133 3961 1244 4032 quisque

134 4046 215 4099 opere
237 4048 284 4084 sao
309 4033 431 4085 absoluto
455 4034 598 4086 mercedem
621 4033 777 4102 accipiebat.
813 4043 946 4090 caeteram
969 4037 1078 4090 volebat
1099 4034 1244 4100 imperator

132 4099 279 4168 patiebaris
296 4117 425 4154 marmora
442 4109 471 4154 et
486 4108 571 4156 totum
587 4103 764 4172 pavimentum
782 4122 846 4159 auro
865 4107 1012 4160 obducere:
1036 4101 1242 4168 refragabantur

133 4173 220 4222 autem
243 4169 296 4239 ipsi
318 4170 494 4226 Maximianus
511 4178 540 4226 et
555 4173 718 4226 Hierothens
735 4175 916 4245 consiliarios,
940 4171 1132 4234 Athenienses,
1156 4169 1241 4239 pbilo-

131 4237 210 4309 sopbi
234 4245 263 4292 et
285 4241 447 4311 utronomi,
470 4243 517 4312 qui
538 4242 662 4300 dicebant
683 4249 816 4315 postremo
839 4245 945 4302 saeculo
969 4247 1095 4297 venturos
1110 4255 1241 4313 pauperes
