2808 4616
159 235 235 312 136
495 222 712 294 GEORGIUS
740 219 928 292 CODINUS

160 427 273 512 κριθῆς
292 410 431 506 χλιαρίς.
481 409 607 482 ἔλεοπτον
626 414 661 482 δέ
677 413 730 480 καί
745 410 819 490 τοάς
834 409 964 500 φλοιοδς
978 413 1034 495 τῆς
1050 407 1194 492 πτελέας,
1220 414 1273 478 καὶ

161 530 300 616 ἐμίγνυον
315 522 394 607 μετά
410 525 467 586 eod
484 519 653 602 ἀσβέστου,
670 519 722 584 καὶ
737 517 859 582 έποίουν
874 511 985 600 μάζας.
1034 515 1087 580 aul
1103 511 1174 581 οάτε
1194 513 1273 600 ἀγαν

159 630 287 716 θερμὸν
294 625 363 694 odra
380 621 470 690 πάλιν
486 622 610 709 ψυχρὸν
626 623 750 688 έτίθουν
758 667 768 701 ,
793 617 874 686 ἀλλά
886 615 1017 707 χλιαρὸν
1035 617 1087 682 διά
1103 617 1139 684 sd
1159 624 1273 704 κολλη-

161 732 323 822 τιιιοίτερον
346 726 422 797 εἶναι
446 729 499 794 καί
521 724 594 804 rodo
609 727 719 804 λίθους
735 729 848 790 κολλᾶν
866 725 954 807 δίκην
971 718 1112 809 σιδήρου.
1163 721 1220 788 δίο
1238 725 1273 790 δέ

162 837 267 925 πήχεις
291 839 348 902 τοῦ
371 832 517 916 θεμελίου
534 830 595 896 ἀπὸ
613 836 668 914 τῆς
683 834 741 916 γῆς
755 825 957 913 ὕψωθέντος,
983 821 1167 914 depecisci
1186 829 1298 914 cipp—5

163 945 254 1029 μένος
279 936 409 1024 ποιητὴρ
435 937 488 1002 καὶ
514 930 770 1024 ἀπογραφόμενος
794 932 850 1017 τὴν
877 931 1004 1010 ἔξοδον,
1037 926 1276 1015 ἔξωδιάσθησαν

162 1046 290 1134 χρυσίου
314 1037 493 1129 κεντηνάρια
517 1037 597 1122 υνβ.
648 1038 819 1125 μιλιαρίσια
841 1036 875 1102 δέ
897 1034 1007 1123 ἔφερον
1030 1034 1109 1100 καθ’
1133 1031 1276 1120 ἑκάστην,

128 1168 152 1220 c
169 1153 220 1220 καί
237 1149 376 1234 έμίγνυον
391 1143 445 1210 τδν
457 1149 535 1228 χοῧν
552 1147 603 1209 καί
619 1140 724 1226 ίχυνον
741 1145 784 1220 είς
800 1139 835 1206 τδ
853 1137 1033 1228 ὡρολογιῖον
1050 1141 1177 1204 καὶτῶν
1189 1139 1277 1226 πέριξ

166 1249 349 1338 κτισμάτων.
400 1251 451 1314 καὶ
474 1245 563 1330 ἡνίκα
586 1246 712 1331 έμελλον
727 1243 914 1333 ὑποχωρεῖν,
939 1241 1116 1330 γυρεάοντες
1131 1241 1185 1308 τὸν
1200 1249 1278 1326 χοῦν
1376 1269 1378 1350 γ

167 1361 293 1434 ἕκαστος
310 1353 411 1422 αὐτῶν
430 1348 567 1440 διάφορα
585 1348 720 1436 εὕρισκεν
726 1397 737 1430 ,
762 1352 813 1416 καί
830 1345 920 1436 ἀπῄει
932 1349 1062 1434 χαίρων.
1113 1348 1165 1412 καὶ
1188 1347 1316 1435 leopold
1377 1357 1379 1436 l

167 1462 339 1548 μιλιαρίσια
362 1454 517 1522 ἀπέκειντο
541 1457 584 1532 εἷς
601 1453 637 1520 τδ
655 1451 851 1542 ὡρολογεῖον,
876 1455 928 1518 καί
944 1449 1013 1520 ὅσοι
1029 1450 1210 1535 ἀνεβίβαζον
1227 1453 1278 1517 καί
1379 1454 1380 1534 l

168 1563 308 1650 έκόμιζον
330 1561 420 1628 λίθον
446 1558 466 1642 ἢ
492 1557 642 1647 ὄστρακον
657 1557 736 1643 μετά
753 1557 904 1641 ἀσβέστου
923 1553 944 1640 ἢ
961 1551 1120 1640 βησάλου,
1146 1551 1192 1621 ἑνί
1208 1551 1279 1621 ἑκά-
1380 1545 1381 1620 l

169 1695 232 1758 στῳ
259 1667 293 1733 έν
316 1671 371 1732 τοῦ
395 1667 517 1748 μισθοῦ
540 1663 634 1730 atace
658 1664 760 1728 έδίδοο
784 1659 928 1750 ἀργύριον
948 1660 1001 1726 dani
1018 1658 1053 1724 τδ
1070 1659 1115 1743 μὴ
1132 1665 1281 1748 βλασφη-
1381 1637 1382 1716 l

169 1781 267 1860 μῆσαι
290 1768 312 1854 ἢ
336 1765 478 1847 στενάξαι
498 1764 577 1834 τινά.
628 1767 660 1844 ίξ
677 1765 778 1832 αὐτῶν
794 1767 829 1831 δέ
846 1761 889 1842 εἷς
904 1761 1051 1843 στενάξας
1068 1765 1119 1828 καὶ
1137 1762 1227 1830 εἶπάν
1242 1763 1278 1830 od
1383 1819 1384 1900 ,

170 1879 240 1944 οίιαὶ
261 1873 363 1940 ἴπεσεν
381 1869 507 1961 ἀθρόως
524 1873 574 1938 καὶ
591 1871 752 1958 συνετρίβη
771 1872 823 1936 καί
839 1869 987 1952 ἀπέψυξε.
1037 1873 1099 1933 τῶν
1116 1868 1149 1932 δέ
1164 1872 1278 1934 πινσῶν
1286 1881 1320 1937 15

170 1979 363 2066 ἀψωθέντων
382 1979 433 2042 καί
450 1982 511 2042 τῶν
526 1974 667 2062 μεγάλων
683 1972 792 2040 κιόνων
807 1973 983 2040 σταθέντων
1000 1970 1125 2054 ἔμελλον
1137 1971 1205 2054 μετ’
1222 1971 1282 2037 ud-

133 2089 157 2144 Ι)
174 2091 236 2152 τῶν
252 2085 304 2150 καὶ
320 2081 393 2158 τοδς
404 2077 574 2164 Ῥωμαίους
590 2081 693 2156 κίονας
708 2085 829 2161 στῆσαι.
881 2077 950 2142 ἀλλ’
970 2075 1026 2142 οάκ
1043 2076 1162 2142 ίποίουν
1170 2123 1181 2155 ,
1206 2075 1280 2141 ἀλλ’
1386 2167 1387 2170 ¹

173 2189 304 2270 έστησαν
329 2182 457 2260 τούτους
481 2189 524 2260 εἰς
548 2183 605 2260 τὰς
626 2184 779 2270 τέσσαρας
803 2179 924 2268 κόγχας.
975 2178 992 2246 ὃ
1020 2180 1054 2245 δέ
1075 2180 1223 2261 βασιλεὺς
1246 2177 1283 2246 ed
1386 2171 1388 2244 l

174 2287 302 2356 δειλινὸν
326 2287 382 2350 oda
405 2282 588 2361 ἐκάθευδεν,
615 2285 696 2347 ἀλλά
718 2285 833 2366 πολλὴν
857 2284 994 2368 σπουδὴν
1015 2285 1136 2348 lucetius
1154 2289 1212 2348 τοῦ
1228 2281 1284 2370 ἴρ-

172 2419 246 2482 γου,
272 2390 323 2456 καί
346 2383 506 2474 έπορεάετσ
529 2386 650 2469 βλέπων
666 2385 739 2462 τοδς
755 2385 919 2465 λιθοξόους
934 2391 986 2454 καί
1003 2387 1074 2463 τοδς
1089 2384 1324 2469 atnottaovgm

172 2497 284 2585 ἤρχετο
308 2493 342 2558 δέ
363 2489 442 2575 μετά
466 2494 609 2579 Τρωίλου
627 2491 881 2578 κουβαιουλαρίου
899 2491 1004 2557 αὐτοῦ.
1054 2489 1111 2574 τὴν
1128 2491 1161 2556 δέ
1177 2488 1285 2569 ἔξοδον
1388 2491 1389 2526 ³

175 2608 294 2684 κατεῖχε
318 2591 540 2682 Στρατὴγιοςὸ
561 2592 802 2682 ἀδελφοποιητδς
818 2600 874 2660 τοῦ
888 2595 1054 2677 βασιλέως,
1080 2590 1096 2658 ὅ
1114 2595 1165 2658 καὶ
1182 2593 1286 2682 φύλαξ

175 2709 238 2772 τῶν
260 2705 436 2786 βασιλικῶν.
447 2695 625 2788 χρημάτων.
676 2699 867 2786 ίπηγγειλατο
886 2700 920 2765 δὲ
937 2698 1021 2790 αὐτῷ
1038 2695 1053 2766 ὃ
1070 2699 1217 2781 βασιλεὺς
1233 2703 1286 2766 καί

178 2866 243 2938 quin
261 2866 340 2919 etiarn
358 2861 487 2916 dissectos
504 2861 566 2916 ulmi
583 2861 697 2918 cortices
715 2861 896 2917 admiscebant
913 2859 976 2916 calci
994 2869 1021 2916 ct
1039 2861 1066 2916 in
1083 2881 1196 2918 massam
1211 2865 1285 2917 redi-

178 2939 294 3010 gebant3
321 2952 374 3005 qua
398 2951 448 2987 nec
471 2934 558 2986 calida
581 2935 658 2986 nimis
682 2951 768 3004 neque
788 2934 885 3002 frigida
902 2933 936 2985 ad
953 2939 1111 2988 structuram
1135 2937 1287 3003 utebantur,

180 3007 228 3062 sed
247 3005 354 3077 tepida,
381 3020 433 3072 quo
450 3004 569 3056 tenacius
586 3004 793 3056 adbaeresoebat
810 3013 837 3057 et
853 3003 955 3073 lapides
971 3004 1055 3056 instar
1071 3004 1137 3057 ferri
1156 3004 1287 3073 congluti-

178 3081 264 3129 naret.
299 3073 467 3125 fundamento
484 3083 571 3126 autem
588 3073 690 3126 duobus
709 3074 805 3126 cubitis
820 3091 899 3142 supra
912 3080 1008 3126 terram
1022 3075 1143 3140 elevato,
1160 3080 1191 3126 ut
1202 3075 1288 3126 dictus

178 3151 272 3197 auctor
289 3151 319 3194 et
336 3158 370 3194 ex
388 3157 467 3194 eneae
483 3143 614 3194 rationum
633 3142 719 3195 scriba
735 3144 831 3210 refert,
855 3144 908 3198 452
926 3143 984 3195 auri
1001 3145 1154 3196 centenaria
1172 3161 1289 3214 expensa

178 3215 295 3268 fuerant.
336 3163 471 3264 miliarisia
487 3229 552 3264 vero
570 3211 688 3281 quotidie
706 3211 865 3280 afferebant,
891 3220 1034 3282 terraeque
1049 3229 1080 3265 ea
1099 3213 1290 3283 permiscentes

178 3282 254 3336 iuxta
278 3281 439 3350 horologium
464 3289 494 3333 et
517 3281 667 3332 circumsita
690 3281 812 3334 aedificia
833 3283 910 3335 humo
930 3283 1086 3336 obruebant.
1121 3283 1160 3334 ita
1178 3301 1235 3336 oum
1253 3283 1288 3334 ab

179 3368 261 3421 opere
287 3349 384 3402 abituri
409 3367 481 3404 suem
505 3351 601 3420 singuli
626 3357 725 3402 terram
751 3352 918 3404 circumcirca
940 3353 1099 3420 lustrarent,
1125 3353 1206 3405 multa
1229 3352 1290 3404 lrinc

179 3420 242 3474 inde
258 3419 445 3488 inveniebant,
468 3425 496 3472 et
511 3421 559 3472 loti
577 3419 757 3474 discedebant.
791 3419 844 3473 alia
860 3421 938 3474 etiam
956 3422 1089 3474 miliarisia
1106 3421 1133 3474 in
1152 3422 1289 3488 horologio

179 3489 298 3560 reposita
324 3492 513 3555 servabantur,
540 3497 567 3540 et
590 3489 700 3558 singulis
724 3489 770 3559 qui
793 3489 928 3560 lapidibus
944 3491 1017 3543 calce
1033 3491 1132 3558 tegulis
1150 3498 1196 3545 aut
1213 3499 1290 3543 cocto

179 3559 266 3614 latero
290 3561 378 3612 onusti
399 3559 593 3624 ascendebant,
618 3576 667 3628 pro
685 3560 774 3612 labore
791 3567 930 3628 argentum
947 3561 1170 3628 distribuebatur,
1197 3577 1230 3613 ne
1246 3559 1291 3612 cui

182 3627 346 3681 consiliandi
376 3638 423 3682 aut
453 3629 632 3698 conquerendi
657 3630 760 3682 occasio
785 3636 866 3683 esset.
902 3630 1006 3699 quidem
1030 3647 1093 3683 vero
1116 3647 1150 3682 ex
1172 3630 1206 3682 iis
1231 3645 1291 3682 cum

180 3697 356 3768 ingemiscens
376 3717 427 3752 vae
444 3699 630 3764 exclamasset,
656 3699 745 3751 statim
763 3716 890 3769 praeceps
907 3700 1023 3769 dilapsus
1041 3707 1069 3751 et
1086 3715 1148 3752 casu
1165 3707 1292 3752 contusus

182 3767 340 3838 exspiravit.
376 3775 508 3822 caeterum
530 3775 591 3838 post
614 3769 725 3836 pilarum
743 3769 904 3821 eductionem
922 3777 950 3821 et
965 3769 1124 3822 erectionem
1142 3783 1292 3838 magnarum

183 3838 359 3890 columnarum
382 3837 557 3891 decreverant
580 3839 658 3890 etiarn
682 3855 734 3890 una
758 3855 815 3892 cum
837 3840 889 3890 illis
913 3839 1045 3891 Romanas
1063 3839 1194 3891 columnas
1211 3836 1294 3889 collo-

184 3923 260 3970 care;
277 3907 347 3976 quod
365 3912 453 3959 tamen
471 3908 572 3960 minime
589 3908 685 3960 lectum
702 3907 769 3973 fuit,
787 3908 834 3960 sed
852 3925 897 3960 aas
915 3917 1041 3976 quattuor
1058 3909 1165 3960 conchis
1182 3905 1294 3960 fulcien-

183 3976 224 4028 dis
240 3984 429 4046 apposuerunt.
464 3976 607 4045 imperator
624 3985 710 4029 autem
728 3994 817 4029 somno
835 3979 1013 4046 pomeridiano
1031 3978 1168 4030 abstinens
1184 3992 1292 4043 magno-

184 4062 236 4112 que
261 4047 350 4099 studio
376 4043 452 4113 operi
474 4045 626 4096 incumbens
649 4047 741 4098 fabros
757 4056 785 4097 et
801 4048 985 4114 quadratarios
1002 4048 1186 4100 circumeundo
1202 4047 1293 4114 inspe-

185 4115 290 4181 ctabat‚
315 4115 458 4168 comitante
481 4129 540 4164 oum
558 4113 648 4165 Troilo
666 4116 837 4168 cubiculario.
873 4133 964 4169 verum
983 4117 1136 4184 strategius
1153 4115 1294 4186 adoptivus

185 4180 352 4248 imperatoria
380 4187 464 4238 frater
492 4182 602 4250 eiusque
630 4185 798 4251 pecuniarum
830 4192 918 4239 custos
946 4201 1117 4254 expensarum
1142 4184 1294 4238 rationibus

185 4261 320 4318 praeerat.
354 4258 528 4330 praeceperat
550 4259 637 4306 auten
662 4255 687 4308 ei
709 4254 854 4324 imperator
876 4263 906 4309 ut
927 4255 994 4308 citra
1016 4255 1160 4308 mercedem
1178 4263 1207 4309 et
1223 4253 1295 4306 diur-
