2802 4636
518 269 578 338 DE
604 267 745 338 SIGNIS
772 269 832 336 ΟΡ.
1179 277 1226 344 31.

123 463 157 528 ἓν
175 460 268 550 αύτῷ.
311 455 388 525 ἔνθα
405 456 457 524 καλ
473 457 548 524 ναὸν
563 463 621 526 τοῦ
637 457 716 538 Διὸς
731 457 833 547 ι’ήγειρε
848 459 1041 547 παμμεγέθη.
1085 469 1181 529 ταῦτα
1199 464 1233 529 δὲ

123 562 224 632 πάντα
246 559 356 648 Ζήνιον
372 567 417 652 τῷ
435 563 566 652 δευτέρῳ
585 562 642 630 ἔτει
659 571 714 648 τῆς
731 564 889 646 βασιλείας
908 565 1005 632 αὐτοῦ
1020 565 1234 654 κατέστρεψεν.

220 664 289 734 Ὅτι
307 668 339 732 ἓν
355 671 399 755 τῷ
415 671 482 754 ναῷ
496 673 552 733 τού
569 664 656 754 ἆγίου
674 671 790 752 Μηνᾶ,
813 667 844 733 ἓν
861 673 899 756 τῇ
916 669 1092 758 ἀκροπόλει,
1112 669 1232 759 ὄρυγμα
1249 687 1272 742 Β

125 770 258 859 εὑρέθη,
291 768 342 836 ὅτε
373 771 588 858 ἕκαθαρίζετο,
621 773 672 837 καὶ
703 771 780 838 ὀστᾶ
810 769 984 860 ἀνθρώπων
1014 771 1162 861 γιγάντων
1192 779 1235 852 είς

100 881 263 960 πλῆθος,
291 871 312 939 ii
335 900 404 940 τινα
426 872 620 959 θεασάμενος
639 871 837 954 Ἀναστύσιος
861 872 877 940 ὃ
899 879 1046 961 βασιλεὺς
1063 881 1105 956 είς
1121 879 1156 944 τὸ
1174 906 1235 945 ιτα-

124 977 229 1046 λύτιον
245 978 392 1050 κατέθετο
410 977 449 1044 τὰ
467 977 544 1044 ὀστᾶ
561 981 603 1056 εἰς
619 985 731 1064 θαῦμα
748 981 889 1058 ἐξαίσιον.

220 1081 290 1150 Ὅτι
313 1085 345 1148 ἐν
369 1089 414 1171 τῷ
436 1088 502 1171 ναῷ
524 1089 579 1148 τού
604 1081 690 1169 ἆγίου
713 1081 987 1171 μεγαλομύρτυρος
1003 1085 1184 1170 Προκονιίου
1202 1086 1235 1152 ἓν

123 1193 161 1274 τῇ
177 1185 309 1274 Χελώνη
326 1184 424 1272 στήλη
438 1187 562 1254 λ’σταται
580 1185 724 1271 εὐνούχου
737 1184 833 1267 τινός,
855 1179 878 1275 ᾗ
891 1189 922 1254 ἐν
934 1195 979 1278 τῷ
992 1187 1101 1272 στήθει
1114 1186 1231 1276 ἐγράφη
1250 1213 1274 1266 c

119 1288 160 1355 “i
177 1293 355 1374 μετατιθεὶς
371 1287 507 1374 θεμύτια
524 1296 569 1380 τῷ
584 1289 690 1380 βρόχῳ
706 1290 952 1380 παραδοθήτεο.”
1005 1285 1043 1376 ήν
1057 1294 1090 1358 δὲ
1103 1289 1122 1377 ή
1137 1291 1234 1378 στήλη

83 1408 118 1462 10
126 1393 297 1472 Πλάτωνος
313 1396 565 1482 κουβικουλαρίου
572 1442 583 1474 ,
606 1393 640 1472 ὃς
656 1397 688 1461 ἐν
705 1405 773 1472 ταῖς
788 1422 918 1484 ημεραις
934 1402 988 1461 τού
1005 1397 1155 1479 βασιλέως
1167 1402 1237 1463 Βα-

125 1499 263 1565 σιλίσκου
281 1500 485 1586 πυρίκαυστος
501 1499 630 1585 γέγονεν.
682 1499 711 1564 oi
729 1500 763 1564 δὲ
778 1505 835 1583 τῆς
851 1505 953 1585 γενεᾶς
971 1499 1067 1564 αὐτοῦ
1082 1497 1234 1586 ᾐτήσαντο

124 1603 178 1667 τὸν
201 1603 348 1686 βασιλέα,
383 1606 426 1680 είς
451 1599 648 1687 μνημόσυνον
670 1612 735 1680 τοῖς
759 1600 936 1691 ἄνταίρουσι
959 1609 1095 1685 βασιλεῖ,
1122 1602 1235 1688 στήλην

123 1711 226 1772 θεῖναι
250 1712 295 1795 τῷ
321 1702 455 1796 εὐνούχῳ
476 1703 635 1774 Πλούτωνι.
687 1704 704 1772 ὃ
729 1707 763 1772 δὲ
787 1706 843 1772 οὐκ
868 1703 1026 1773 ἐκώλυσεν.
1079 1709 1111 1772 ἓν
1134 1708 1168 1773 δὲ
1191 1714 1235 1795 τῷ

124 1809 374 1892 ἀνακαινίζισθαι
405 1810 460 1877 τὸν
490 1817 547 1876 τοῦ
571 1807 657 1897 ἁγίου
682 1806 840 1898 μάρτυρος
864 1809 938 1874 ναὸν
962 1809 1109 1894 μετετέθη
1136 1813 1178 1886 εἲς
1201 1810 1236 1876 τὸ

81 1911 337 2000 Ιοὶπιιοιλρύμιον.
389 1914 419 1978 οἳ
444 1913 479 1978 δὲ
502 1912 579 1980 οἶκοι
603 1920 659 1980 τοῦ
683 1913 778 1980 αὐτοῦ
804 1909 948 1996 εὐνούχου
972 1911 1118 1992 σώζονται
1143 1915 1175 1978 ἐν
1199 1919 1237 2000 τῇ

122 2015 254 2103 Χελώνη
273 2017 330 2092 ἕως
345 2023 401 2100 τῆς
416 2013 560 2102 σήμερον.

223 2120 275 2184 Ἔν
305 2125 350 2206 τῷ
381 2120 524 2206 Κυνηγίρι
552 2117 587 2182 τὸ
618 2123 739 2206 πρῶτον
771 2117 946 2204 ἕρρίιιτοντο
979 2117 1009 2182 οἳ
1036 2117 1272 2201 davidicam

121 2213 204 2305 ἦσαν
233 2221 269 2286 di
295 2246 374 2297 τινες
403 2223 496 2286 ἐκεῖσε
526 2225 647 2306 στῆλαι.
698 2219 843 2286 cinei-dciv
868 2221 903 2285 δὲ
929 2217 1093 2308 Θεόδωρος
1116 2219 1132 2286 ὃ
1157 2223 1235 2287 ‹ivo-

194 2365 212 2420 B
228 2383 255 2436 p·
271 2363 307 2420 26
325 2371 353 2417 et
370 2365 405 2420 87
421 2363 506 2418 Band.
610 2361 628 2416 4
646 2355 693 2416 ὅτε
709 2359 759 2416 nal
776 2355 926 2428 ἐκαθίζετο
943 2365 1007 2419 vat.
1111 2365 1128 2418 h
1147 2361 1188 2428 είς
1202 2360 1236 2419 τὸ

196 2436 281 2505 παλ]
299 2429 330 2486 ἐν
346 2437 381 2504 τῇ
398 2429 489 2504 adasa
505 2435 539 2488 ll.
632 2432 650 2486 6
667 2427 702 2485 τοὶ
721 2429 790 2486 dccci
806 2453 847 2488 om
864 2437 889 2490 F
907 2453 965 2488 cum
982 2435 1066 2489 suida
1081 2453 1109 2488 v.
1120 2436 1234 2502 Μηνᾶς.

196 2505 257 2574 7p.
276 2503 311 2556 33
329 2509 356 2554 et
373 2502 408 2556 88
425 2503 509 2555 Band.
599 2501 731 2556 8ἴστοιτο
749 2503 806 2558 CF.
892 2494 927 2571 ής
944 2505 1000 2558 alii.
1089 2507 1124 2560 12
1142 2506 1169 2558 εί
1199 2533 1235 2545 -

194 2573 307 2706 ροισιλεῖ
320 2575 412 2627 σοι-(3.
450 2571 588 2645 βασιλεῦσι
605 2575 667 2626 Vat.
756 2575 790 2628 13
808 2567 927 2627 ἐκώλυεν
945 2576 978 2629 C.
1067 2575 1102 2630 14
1119 2570 1233 2626 α’ναιιιί-

210 2641 336 2695 rodere.
407 2641 441 2699 17
453 2641 698 2714 putassemus.
766 2637 1234 2714 Ἐν-ρ.3“2τ.2ποίνυ]Ἐιιτολν

193 2707 324 2780 Ἡμερίου
340 2710 544 2780 χαρτουλοιρίου
563 2707 665 2780 φράσις
681 2709 737 2764 τῶν
753 2707 832 2777 παρὰ
853 2710 1018 2781 Θεοδώρου,
1044 2707 1091 2766 ’ὅτε
1110 2709 1233 2782 παραγέ-

196 2799 279 2850 γονεν
296 2775 326 2834 ἐν
343 2782 385 2850 τῷ
400 2779 530 2848 Κυνηγίῳ
548 2779 622 2842 θέας
639 2776 730 2849 χάριν.
765 2775 855 2833 πολλοὶ
873 2777 926 2849 γὰρ
944 2779 1011 2851 ἡμῖν
1027 2777 1152 2852 ἐμελήθη
1169 2780 1233 2849 περὶ

196 2851 247 2904 τοῦ
263 2845 410 2918 ἐρευνῆσαι
427 2845 548 2920 οἷαριβῶς
564 2848 628 2914 περὶ
646 2839 684 2902 ὧν
700 2845 890 2916 παρενοίλεσοις
906 2851 954 2904 ναί
972 2853 1132 2918 φανερῶσαι
1148 2852 1184 2921 τῇ
1198 2851 1233 2920 σῇ

198 2915 297 2989 ἀρετή,
322 2909 344 2970 ὦ
366 2915 508 2985 φιλόκαλε.
544 2913 728 2973 ἀπελθόντων
746 2915 825 2986 ἡμῶν
841 2913 910 2971 ποτὲ
928 2914 959 2973 ἐν
976 2921 1016 2972 roi
1032 2921 1163 2990 Κυνηγίῳ
1182 2915 1233 2973 σύν

192 2985 310 3056 Ἡμερίῳ
328 2989 368 3041 soi
385 2983 566 3074 προλοχθέντι
583 2983 690 3058 ἐνδόξῳ
705 2989 912 3073 χαρτουλαρίςο,
930 2984 980 3049 τὰς
992 2970 1077 3044 iarios
1088 2985 1232 3057 ἱστορῆσαι

196 3055 321 3127 εἰκόνας,
342 3038 373 3111 iv
391 3053 433 3117 οίς
449 3073 566 3124 ευρομεν
581 3057 648 3128 μίαν
662 3061 765 3125 στηλην
779 3053 881 3126 μικρὰν
892 3060 932 3132 τῷ
944 3055 1024 3128 μήκει
1037 3055 1085 3112 καλ
1096 3062 1232 3112 πλατεῖαν

194 3125 242 3180 καί
258 3131 379 3197 παχεῖαν
393 3122 479 3182 πάνυ.
499 3129 532 3180 F.
670 3122 810 3196 πρότερον
827 3129 889 3182 Vat.

125 3253 276 3301 exstructas
299 3248 461 3302 inhabitavit
484 3256 511 3301 et
534 3249 656 3318 templum
680 3247 816 3301 maximum
836 3245 895 3301 lovi
912 3248 1052 3317 excitavit,
1080 3248 1148 3318 quod
1172 3263 1230 3301 curn

124 3319 239 3372 caeteris
257 3321 376 3372 omnibus
393 3319 520 3371 aedificiis
537 3319 609 3370 Zeno
626 3318 741 3370 secundo
758 3318 800 3370 sui
816 3317 921 3388 imperii
937 3335 1004 3370 anno
1023 3319 1132 3373 evertit.

229 3388 296 3441 Cum
311 3390 424 3442 ecelesia
441 3390 472 3443 S.
488 3389 584 3441 Menae
600 3388 628 3440 in
644 3405 705 3440 arce
715 3395 919 3458 repurgaretur,
937 3405 1031 3456 magna
1041 3391 1079 3442 ihi
1091 3387 1230 3440 multitudo

125 3457 225 3510 ossium
235 3458 372 3526 gigantum
380 3459 408 3510 in
418 3459 502 3528 ampla
514 3458 626 3526 quadam
636 3460 710 3511 fossa
719 3469 825 3526 reperta
838 3465 893 3524 est,
908 3475 975 3528 quae
983 3459 1138 3513 Anastasius
1148 3458 1232 3528 impe·

124 3536 202 3580 rator
213 3544 271 3580 cum
285 3545 383 3581 summa
394 3528 569 3581 admiratione
579 3527 744 3598 conspicatus
755 3527 784 3579 in
795 3529 923 3597 palatium
932 3528 1070 3598 transponi
1081 3527 1196 3581 curavit.

230 3597 263 3649 In
290 3599 388 3668 templo
417 3598 448 3652 S.
477 3598 603 3665 martyris
629 3598 754 3667 Procopii
782 3597 811 3650 in
840 3598 957 3654 Chelone
986 3605 1076 3650 statua
1099 3597 1232 3650 cuiusdam

126 3666 239 3719 eunuchi
256 3667 344 3734 posita
362 3669 427 3733 luit,
444 3668 473 3720 in
490 3668 564 3720 ouius
581 3676 691 3737 pectore
709 3668 773 3720 haec
790 3667 917 3737 inscripta
935 3673 1012 3719 erant
1025 3661 1163 3736 “quisquis
1181 3667 1232 3718 hoc

126 3737 230 3804 signum
247 3737 304 3788 loco
322 3737 449 3803 moverit,
469 3738 564 3806 laqueo
582 3729 710 3808 pereat.''·
735 3743 793 3789 erat
810 3744 895 3789 autem
913 3745 1002 3790 statuo
1018 3737 1137 3790 Platonis
1156 3736 1231 3788 cubi-

127 3805 235 3871 cularii,
264 3806 310 3874 qui
332 3809 497 3876 temporibus
522 3807 645 3860 Basilisci
667 3806 832 3876 imperatoris
855 3807 934 3860 vivus
957 3807 1033 3860 arsit.
1068 3824 1125 3860 cum
1144 3811 1231 3858 autem

126 3875 232 3943 cognati
247 3875 304 3926 eius
319 3878 485 3944 postularent
502 3879 535 3930 ab
549 3877 723 3946 imperatore,
740 3884 770 3928 ut
785 3876 922 3930 memoriae
937 3877 1040 3929 illorum
1057 3878 1104 3945 qui
1120 3876 1231 3942 impera-

125 3945 182 3996 tori
208 3943 426 4010 adversarentur,
457 3946 563 3998 Platoni
586 3947 706 3999 eunucho
729 3953 819 3999 statua
843 3953 1000 4017 poneretur,
1030 3947 1230 4014 haudquaquam

127 4013 273 4082 prohibuit.
310 4012 367 4066 cuin
391 4031 455 4068 vero
476 4017 602 4085 templum
625 4017 655 4068 S.
678 4017 803 4085 martyris
823 4025 1012 4082 renovaretur,
1038 4014 1067 4067 in
1083 4010 1235 4081 Hippodro·

128 4100 196 4135 mum
220 4090 311 4135 statua
332 4083 379 4135 illa
401 4085 531 4138 translata
556 4092 607 4140 est.
641 4087 720 4139 aedes
749 4092 835 4140 autem
861 4085 946 4157 ipsius
970 4082 1082 4138 eunuchi
1103 4079 1234 4148 hodieque

128 4160 272 4221 supersunt
288 4153 317 4204 in
333 4153 460 4206 Chelone.

232 4223 264 4274 ln
282 4223 432 4293 cynegium
449 4223 510 4277 olim
525 4223 644 4277 violenta
661 4229 745 4278 morta
761 4223 893 4296 perempti
908 4221 1131 4292 proiioiebantur,
1148 4231 1235 4285 eoque

128 4291 156 4343 in
173 4289 230 4344 loeo
247 4297 352 4348 statuae
371 4293 498 4364 quaedem
515 4293 619 4367 positae
635 4301 722 4350 eraut.
756 4295 809 4350 huc
824 4293 983 4350 Theodorus
1002 4291 1160 4354 anagnostes
1177 4300 1234 4336 cum
