2808 4616
153 183 227 254 174
496 179 671 246 INGERTI
696 179 908 249 AUCTORIS

110 364 339 436 Βάκουλκάτον
363 369 394 432 ἐν
416 373 461 456 τῷ
476 365 607 458 Πόντῳ,
633 373 785 450 σταθμῶν
801 375 857 435 τοῦ
875 369 1019 458 ἀργυρίου
1038 367 1096 436 κδ’.
1148 371 1201 438 διά
1222 373 1261 438 τδ

151 471 226 540 τίνοι
259 469 333 536 αὐτὸ
362 469 578 558 χρυσεγχυτόν.
630 469 703 560 ὅπερ
730 474 781 538 καί
808 475 946 540 ἐνταῦθα
969 472 1098 555 σύζεται
1122 473 1179 552 ἕως
1203 483 1262 561 τῆς

150 574 283 665 σήμερον
299 581 363 651 τοῖς
379 573 508 665 ὁρῶσιν,
535 579 577 653 εἷς
594 578 704 660 λεχμία
717 579 857 660 χωνευτά
874 578 1046 665 σκυθρωπὰ
1063 574 1154 644 πάνυ.

152 765 192 832 Ζ.
240 753 307 830 Ἐκ
346 763 425 832 τού
466 761 619 851 μιλίου
657 753 882 852 δούρατος
914 765 995 834 τού
1030 754 1260 856 όφφικίου

151 872 434 976 Διοσκόρου,
477 881 522 952 ἐν
563 884 649 951 τῶν
691 874 793 952 καθ’
837 873 953 978 sipon
994 885 1285 978 Μαυριιιίοοιο

558 993 849 1094 Αὐγούστου.

109 1171 133 1222 Ε
247 1156 315 1224 Ὅτι
331 1157 366 1224 τδ
383 1153 513 1222 Σινάτον
529 1157 564 1223 τδ
582 1157 743 1244 λεγόμενον
758 1165 814 1226 τοῦ
832 1154 932 1248 φόρου
949 1157 1037 1223 οὐδὲν
1054 1156 1129 1223 ἀλλο
1146 1160 1258 1241 ἔτυμο-

149 1269 281 1349 λογεῖται
304 1259 325 1345 ἢ
348 1257 442 1344 μόνον
465 1259 595 1327 Σινάτου
614 1259 872 1346 οἰκοδομήσαντος
888 1262 941 1326 τόν
957 1265 1087 1327 Σινᾶτον
1105 1264 1155 1326 καὶ
1171 1263 1205 1327 τὸ
1224 1265 1257 1328 ἓν

150 1363 234 1454 αὐτῷ
259 1367 398 1452 τρίλιθον
424 1361 530 1443 ζῶδιον
554 1363 622 1448 ἤτοι
645 1367 828 1454 τρικέφαλον
852 1365 1087 1454 πορφυροειδίς,
1115 1363 1132 1430 ὃ
1156 1362 1254 1451 ἔλεγόν

148 1497 227 1547 τινες
251 1472 484 1535 Κωνσταντῖνον
508 1467 562 1534 τόν
588 1469 684 1555 μίγαν
711 1469 823 1554 μέσον,
849 1466 1065 1534 Κωνστάντιον
1092 1465 1254 1554 εὐώνυμον,
1263 1484 1301 1538 10

149 1571 301 1639 Κώνσταν
318 1573 350 1638 ἓν
367 1579 431 1648 τοῖς
448 1575 557 1649 δεξιοῖς
572 1573 694 1658 μέρεσιν
698 1622 709 1655 ,
736 1577 778 1650 τίς
794 1571 893 1652 πόδας
910 1571 1097 1660 ἀρκούμενον
1114 1569 1188 1653 δύο,
1215 1577 1258 1651 εἷς

111 1679 187 1749 ludi
206 1687 312 1765 χεῖρας
337 1677 386 1757 δ’ξ,
413 1676 495 1753 ξίνον
519 1686 583 1752 τοῖς
605 1673 700 1764 ὁρῶσι
716 1679 839 1762 θέαμα,
866 1676 959 1742 ἀλλον
978 1674 1146 1760 ἀλλαχόθεν
1163 1675 1255 1764 δρῶν,

149 1783 201 1847 καί
225 1779 246 1865 ἦ
271 1780 390 1870 κεφαλὴ
414 1782 452 1864 μί
472 1827 480 1845 .
531 1781 724 1868 ίμπυρισμοῦ
746 1783 778 1846 ἓν
801 1781 884 1870 αὐτῷ
903 1777 941 1864 δή
958 1807 1030 1846 ποτε
1046 1781 1203 1866 γενομένου
1221 1783 1255 1845 ἒν

150 1885 235 1974 αύτῷ
258 1893 303 1975 τῷ
328 1881 429 1973 τόπῳ,
462 1886 513 1949 καὶ
539 1881 660 1951 πάντων
688 1887 780 1952 ἐκεῖσε
807 1885 1054 1969 ἀσχολουμένων,
1085 1880 1126 1960 ὡς
1152 1889 1253 1964 εἰπεῖν,

149 1995 302 2072 κλαπῆναι
323 1989 359 2056 τδ
381 1984 561 2070 δαυμόσιον
584 1991 693 2070 ἐκεῖνο,
720 1993 768 2056 ἐπὶ
794 1989 963 2056 Θεοδοσίου
985 1996 1041 2054 τού
1063 1995 1173 2075 μικροῦ
1196 1995 1253 2054 τοῖν
1262 1999 1300 2054 15

145 2094 324 2179 Ἀρκαδίου,
351 2088 386 2168 ὃς
409 2091 505 2168 εὐθύς
530 2093 581 2156 διὰ
605 2090 802 2182 ταχυδρόμου
828 2096 859 2159 ἐν
885 2103 949 2171 τοῖς
966 2089 1141 2170 διαστάτοις
1158 2095 1209 2156 καὶ
1225 2093 1256 2157 ἓν

147 2205 211 2272 τοῖς
234 2195 413 2270 θαλαττίοις
435 2195 541 2281 μέρεσι
563 2198 641 2277 μετὰ
665 2198 806 2282 ἀπειλῆς,
833 2201 860 2263 εί
881 2199 926 2281 μὴ
949 2195 1070 2284 φόνειεν
1086 2196 1122 2262 τό
1140 2197 1256 2280 θέαμα.

148 2301 200 2362 καί
225 2297 254 2362 οἱ
278 2303 368 2363 τοῦτο
391 2294 598 2381 τολμήσαντες
620 2301 675 2366 οάκ
699 2298 878 2383 ἰσχύσαντες
894 2305 937 2378 είς
952 2301 1007 2386 τὴν
1024 2303 1106 2368 ίδίαν
1122 2302 1255 2387 πατρίδα

58 2415 80 2466 Ρ
97 2411 131 2466 95
148 2404 332 2488 ἀπενεγκεῖν,
359 2397 550 2487 φθαζόμενοι
573 2404 606 2468 δὲ
627 2411 672 2494 τῷ
689 2401 794 2494 δρόμῳ
812 2411 857 2494 τῷ
871 2411 1037 2494 βασιλικῷ,
1064 2400 1256 2490 ἀποποιιγσό-

147 2531 234 2589 μενοι
259 2501 404 2585 ἑαυτούς,
429 2502 464 2570 τό
490 2531 523 2572 τε
545 2506 652 2591 θέαμα
675 2511 726 2574 καλ
749 2506 876 2586 ἕαυτοδς
893 2511 924 2575 ἓν
941 2515 986 2598 τῷ
1000 2514 1095 2597 βυθῷ
1111 2509 1297 2597 ρίψαντεςλο

217 2737 237 2792 4
251 2733 361 2804 μιλίου]
381 2733 491 2806 βιβλίου
507 2735 600 2793 Lamb.
739 2737 772 2793 17
790 2737 914 2806 pecata?

149 2944 227 3008 cent,
250 2940 353 3010 argenti
375 2943 463 3012 pondo
486 2947 611 3013 quattuor
628 2959 708 3012 supra
724 2941 835 3011 viginti,
860 2960 891 2996 eo
910 2943 980 3012 quod
996 2943 1082 3012 ipsum
1100 2947 1171 2996 esset
1189 2959 1253 2996 auro

147 3010 268 3062 solidum.
305 3011 376 3079 quod
393 3012 437 3064 hic
454 3030 559 3082 quoque
576 3011 705 3082 hodieque
722 3020 847 3066 servetur
864 3029 894 3065 ac
912 3013 1044 3078 cernitur,
1060 3013 1089 3064 in
1101 3013 1168 3065 lusis
1181 3013 1253 3066 lech-

147 3077 206 3131 miis
222 3079 345 3133 tetricum
361 3081 438 3135 valde
456 3083 555 3136 vultum
573 3082 797 3152 praeferentibus.

179 3215 243 3279 Vll.
287 3220 350 3281 Εα
372 3222 555 3283 miliario
577 3221 813 3302 spectaculi
835 3219 986 3302 officii
1004 3219 1221 3294 Dioscuri,

385 3344 431 3384 ea
452 3323 647 3386 Mauricii
666 3324 846 3406 Augusti
867 3324 1015 3387 diario.

250 3437 329 3500 Quod
346 3446 445 3494 vocant
461 3441 514 3494 fori
530 3441 670 3509 Senatum,
689 3460 706 3494 a
722 3441 791 3494 nullo
810 3440 859 3494 alio
877 3440 930 3494 tale
946 3457 1039 3492 nomen
1050 3437 1164 3491 obtinuit
1176 3455 1253 3506 quem

146 3507 217 3579 quod
234 3508 350 3564 Senatus
368 3529 384 3564 a
401 3512 500 3564 Seneto
518 3511 673 3564 aedificatus
689 3512 741 3580 sit,
758 3529 859 3564 necnon
875 3511 939 3564 illud
957 3511 1034 3562 trium
1048 3508 1161 3578 lapidum
1176 3525 1253 3576 opus,

145 3580 174 3632 id
199 3583 240 3630 est
263 3579 362 3649 triceps
385 3582 600 3652 porphyreticum
621 3581 798 3648 simulacrum,
822 3581 894 3650 quod
912 3579 1016 3648 quidam
1033 3579 1061 3630 in
1079 3577 1164 3630 medio
1183 3577 1254 3630 Con·

145 3649 287 3702 stuntinum
304 3667 441 3720 magnum,
468 3671 485 3705 e
502 3651 618 3706 sinistris
634 3651 838 3719 Constantium,
865 3649 1001 3704 adextris
1019 3650 1191 3702 Constantem
1208 3665 1254 3700 re-

144 3725 316 3788 praesentare
334 3720 466 3774 dicebant.
501 3729 561 3775 erat
576 3722 639 3775 illud
656 3722 756 3775 duobus
774 3721 866 3773 fultum
880 3719 1005 3790 pedibus,
1024 3733 1122 3786 sexque
1133 3717 1253 3770 manibus

144 3791 309 3842 instructum.
345 3792 520 3859 spectaculum
542 3793 620 3862 plane
643 3809 739 3845 novum
763 3795 791 3842 et
813 3791 940 3855 insolens,
965 3789 1044 3840 alium
1066 3787 1169 3840 aliunde
1191 3803 1253 3838 con-

142 3859 271 3928 spiciensr
296 3876 355 3911 num
373 3877 450 3912 unum
468 3869 547 3930 caput
564 3869 631 3914 eret.
666 3860 785 3914 incendio
803 3864 890 3912 autem
906 3857 1003 3910 ibidem
1020 3864 1175 3927 grassante,
1194 3873 1253 3908 cum

141 3945 229 3982 omnes
252 3945 304 3982 una
327 3929 490 3982 eniterentur
507 3937 538 3984 ut
555 3932 646 3984 mirum
663 3931 728 3984 illud
746 3929 846 3998 signum
864 3929 1073 3995 suffurarcntur,
1100 3925 1253 3980 Theodosio

141 3996 243 4051 iuniore
265 3997 374 4051 Arcadii
396 3997 452 4050 filio
475 3999 636 4068 imperante,
660 4001 685 4053 is
702 4002 790 4053 stetim
808 3999 887 4052 misso
905 4013 1013 4050 cursore
1029 3997 1059 4048 in
1075 3997 1133 4049 locs
1150 3999 1254 4048 remota

143 4070 171 4114 et
188 4069 221 4119 ad
239 4068 318 4121 meris
335 4083 396 4120 oras
412 4067 447 4119 iis
465 4068 509 4134 qui
524 4069 686 4122 sustulerant
696 4067 877 4122 interminatus
890 4073 945 4134 est,
966 4067 994 4118 ni
1005 4069 1253 4136 repraesentarent.

145 4132 192 4199 qui
214 4154 278 4190 vero
301 4139 407 4191 auferre
430 4136 487 4189 ausi
506 4137 624 4205 fuerant,
650 4156 707 4192 eum
725 4155 777 4192 non
792 4143 902 4206 possent
918 4137 947 4190 in
963 4136 1076 4206 petriam
1091 4135 1157 4188 illud
1174 4133 1254 4188 redu-

146 4217 222 4271 cere,
247 4213 392 4278 occupante
416 4206 583 4277 imperatorio
607 4224 729 4277 cursore,
757 4207 942 4277 desperatione
965 4206 1038 4260 ducti
1061 4221 1121 4258 sese
1139 4221 1196 4258 oum
1214 4204 1253 4256 si-
