2802 4636
522 273 581 340 DE
606 272 745 342 SIGNIS
772 274 832 342 GP.
1176 276 1227 350 35

118 455 263 546 ίιπίρχει.
311 459 363 524 καί
385 465 440 526 τοῦ
464 463 644 544 Μαυρικίου
668 464 719 528 καλ
742 468 798 546 τῆς
821 460 963 546 γυναικὸς
986 463 1148 532 αὐτοῦκαὶ
1165 471 1227 534 τῶν

120 565 232 632 τέκνων
250 563 400 644 ἵστανται.

220 668 273 732 Ἐν
299 668 333 734 δὲ
357 673 395 754 τῇ
421 661 548 758 καμάρᾳ
571 673 627 732 τοῦ
646 665 750 750 μιλίου
776 671 885 752 στῆλαι
908 673 964 736 τοῦ
983 666 1117 753 μεγάλου
1135 671 1228 738 Κων-

119 771 278 838 σταντίνου
310 773 363 836 καὶ
389 766 511 854 Ἑλένης
541 772 625 837 εἰσίν.
674 767 753 836 itae
778 772 829 836 καὶ
858 770 990 859 σταυρὸς
1015 770 1124 859 ὁρᾶται
1150 774 1230 862 πρὸς

95 873 274 958 ὁάνοιτολήν
300 871 527 960 βασταζόμενος
550 870 606 940 ὕπ’
634 873 745 940 αὐτῶν.
794 875 888 958 μέσον
913 877 947 942 δὲ
969 882 1024 942 τοῦ
1047 885 1181 964 σταυροῦ
1206 875 1228 962 ή

119 975 196 1062 τύχη
221 984 277 1061 τῆς
293 965 432 1062 abisaac,
456 974 598 1061 κατήνιον
614 974 806 1060 κλειδόιιενον
822 981 873 1044 καί
890 978 1147 1064 ἒστοιχειωμέυον,
1172 987 1229 1048 rori
1256 1043 1262 1052 .

119 1075 234 1156 παντὸς
261 1080 372 1169 εἴδους
387 1081 532 1166 ἀνελλιπῆ
556 1078 631 1148 εἶναι
656 1083 708 1146 καί
733 1083 818 1167 νίκην
835 1089 942 1174 Ιπᾶσαν
964 1090 1026 1150 τῶν
1043 1087 1144 1150 ἐθνῶν
1161 1087 1227 1151 ἐπι-

121 1185 241 1272 φίρειν,
276 1167 347 1252 τοῦι
355 1186 464 1272 μηκέτι
491 1182 605 1270 ίσχιίειν
629 1187 825 1272 προσεγγίσαι
850 1183 871 1272 ή
896 1195 1119 1276 προσψαιῖσαι,
1146 1187 1265 1256 ababa

120 1286 228 1375 πόρρω
255 1287 426 1374 ἀπέχεσθαι
452 1291 502 1354 καὶ
526 1286 703 1356 ὑπονοστεῖν
727 1287 770 1368 ὡς
792 1287 994 1375 ἡττωμένους.
1043 1289 1065 1376 ἦ
1090 1291 1125 1358 δὲ
1147 1294 1227 1370 κλεὶς

77 1403 114 1458 10
122 1398 177 1458 τοῦ
194 1394 337 1474 κατηνίου
354 1389 537 1476 κατεχώσθη
556 1396 598 1470 τῖς
615 1391 671 1472 τὰς
685 1389 792 1474 βάσεις
808 1401 869 1460 τῶν
885 1391 1003 1462 κιόνων.

219 1494 270 1560 Ἐν
296 1485 378 1585 αιἰτηῖ
405 1497 438 1560 δὲ
460 1502 504 1584 τῷ
527 1499 618 1584 μιλίιρ
635 1501 744 1580 στῆλαι
758 1499 900 1564 *ίστονται
916 1509 1012 1584 τρεῖς,
1037 1497 1157 1585 Συρίοις
1172 1503 1228 1582 τῆς

119 1597 262 1681 γυναικὸς
291 1599 455 1666 Ἰουστίνου
481 1607 538 1664 τοῦ
567 1598 709 1690 Θρᾳκός,
746 1602 797 1664 καὶ
816 1601 965 1690 Ἀραβίας
990 1606 1046 1686 τῆς
1070 1599 1228 1688 θυγατρὸς

121 1701 232 1780 αὐτοῦ,
257 1707 309 1766 καὶ
327 1701 449 1787 Ἑλένης
473 1703 604 1786 ἀνεψιᾶς
627 1704 733 1770 αὐτοῦ.

218 1801 256 1870 ‘0
280 1804 439 1892 λεγόμενος
456 1805 615 1891 Πιττάκης
631 1803 651 1889 a}
669 1804 765 1890 στήλη
783 1807 846 1872 ἐστὶ
864 1810 921 1872 rori
936 1802 1069 1890 μεγάλου
1086 1803 1227 1882 Λέοντος

77 1914 175 1974 15τοῦ
198 1911 368 1987 Μακίλου,
393 1908 432 1992 ἣν
456 1907 610 1994 ἀνήγειρεν
630 1909 780 1996 Εὕφημία
802 1905 823 1992 ή
848 1905 957 1974 τούτου
973 1909 1080 1992 γνησία
1098 1905 1227 1994 ἀδελφή,

122 2007 202 2076 διότι
230 2007 311 2090 οἶκος
335 2003 375 2095 ήν
401 2011 497 2094 αὐτῆς
521 2013 633 2091 ἐκεῖσε,
669 2015 720 2078 καί
747 2009 861 2100 ἑκάστη
887 2008 1039 2094 ἕβδομάιλι
1064 2013 1108 2088 είς
1133 2009 1229 2095 αὐτήν

121 2111 276 2196 εἰσήρχετο
303 2111 320 2179 ὃ
346 2114 493 2195 βασιλεὺς
517 2114 613 2180 Λίων
639 2114 691 2180 διὰ
718 2115 753 2180 τὸ
780 2111 854 2180 εἶναι
881 2114 977 2196 αὐτὴν
1003 2111 1151 2202 σώφρονα
1176 2116 1229 2180 καλ

119 2215 287 2302 παρθένον.
337 2219 390 2282 καὶ
414 2214 523 2295 πάντες
547 2217 577 2281 oi
601 2213 812 2300 ἀδικούμενοι,
839 2215 897 2282 εἴτε
912 2223 1034 2283 πολῖται
1051 2217 1108 2283 εἴτε
1123 2224 1228 2300 θεμα-

116 2319 214 2402 τικοί,
237 2316 257 2401 ἢ
275 2319 325 2382 καί
344 2319 404 2384 ἀπὸ
421 2317 522 2404 πάσης
537 2326 592 2404 τῆς
608 2321 800 2404 οἰκουμένης,
824 2321 917 2385 ἐκεῖσε
935 2322 977 2398 τίς
992 2319 1049 2398 τὰς
1062 2324 1226 2404 βαθμίδος
1241 2335 1265 2392 0
1336 2372 1344 2386 ‚‚

75 2428 176 2488 torosi
192 2423 292 2504 κίονος
307 2423 433 2502 ἐτίθουν
448 2422 488 2488 τοὶ
504 2419 647 2490 πιστάκια
664 2420 783 2504 αὑτῶν,
807 2421 1028 2512 φυλασσόντων
1040 2425 1121 2490 αὐτὰ
1133 2425 1226 2493 ἐκεῖσε

187 2600 250 2671 3η).
270 2603 304 2655 10
321 2597 399 2654 οτ90
415 2600 501 2655 Band.
577 2595 701 2655 barivei
719 2601 773 2656 alii.
842 2593 947 2669 δίπερ
965 2592 1023 2656 ἐστὶ
1038 2600 1173 2672 κατήνιον
1190 2605 1223 2660 C.

189 2665 376 2731 ieiunationis
391 2667 440 2723 aab
458 2671 492 2724 C.
554 2669 643 2742 ’θοῇ
660 2667 739 2725 πόλει
756 2669 846 2726 ταῦτα
861 2665 932 2724 ἀλλὰ
950 2672 984 2725 0.
1062 2677 1096 2728 10
1113 2673 1225 2726 κιονίων

187 2740 273 2808 Bar„
288 2739 399 2794 κισσίων
414 2739 492 2793 codd.
507 2739 616 2808 aliquot.
686 2743 719 2796 11
736 2759 764 2810 p.
779 2743 811 2795 ll
825 2747 852 2794 et
863 2741 898 2796 90
908 2741 994 2796 Band.
1046 2745 1082 2798 12
1098 2737 1228 2814 οἲρριίβας

188 2809 253 2862 Vat.
339 2811 374 2866 13
391 2802 623 2877 αὐτῆς-αὐτῆς
638 2810 734 2864 Suidas
753 2827 782 2864 τ’.
798 2810 902 2878 μίλιον.
928 2804 1170 2865 οὖνῶν-αὐτῶν
1186 2813 1225 2865 us

149 2936 152 2942 ,
190 2878 238 2964 qui
255 2877 342 2931 addito
359 2871 572 2946 εὖρορφοτοίτης
586 2877 679 2946 πάνυ,
696 2878 897 2948 κεχρυσωμένη.
990 2879 1025 2936 14
1041 2899 1070 2952 p.
1087 2882 1123 2937 26
1138 2880 1225 2934 Band.

188 2965 234 3000 οτι
264 2941 279 3000 ὃ
309 2944 454 3016 λεγόμενος
482 2944 633 3009 Πιττοίκιος
659 2945 745 3016 στήλη
776 2943 807 3000 ἐν
831 2943 908 3000 abaci
934 2943 1029 3002 iocoso
1054 2949 1107 3003 τοῦ
1130 2968 1160 3018 ρ.
1191 2950 1225 3002 C.

187 3019 222 3076 15
240 3012 346 3086 μοικίλη
362 3017 431 3072 Bav.
534 3019 570 3074 18
585 3012 636 3085 ήττ
652 3013 792 3072 πολιτικοί
809 3009 865 3070 τίεν
881 2997 931 3085 ήτο
949 3017 982 3072 c.

117 3169 206 3240 posita
234 3175 286 3224 est.
339 3167 540 3239 conspiciuntur
569 3168 667 3224 ibidem
694 3172 801 3222 statuae
830 3167 914 3224 totius
939 3168 1055 3226 familiae
1081 3169 1227 3226 Theodosii

118 3239 207 3310 magni
225 3246 254 3292 et
269 3239 395 3293 Mauricii
411 3245 439 3292 et
456 3238 545 3292 uxoris
562 3237 755 3310 liberorumque
772 3239 839 3294 eius.

221 3309 254 3361 In
276 3309 377 3362 fornice
400 3309 508 3362 miliarii
530 3315 636 3360 statuae
658 3320 720 3362 sunt
742 3307 910 3363 Constantini
933 3307 1021 3378 magni
1045 3312 1073 3363 et
1093 3307 1224 3362 Helenae.

118 3377 214 3432 ibidem
238 3395 342 3448 quoque
366 3379 526 3448 conspicitur
548 3394 627 3444 crux,
655 3395 731 3447 quarn
754 3377 792 3432 illi
814 3377 911 3432 orienti
927 3377 1081 3432 obtendunt.
1115 3377 1226 3430 mediam

118 3465 184 3502 vero
209 3465 314 3502 crucem
338 3448 471 3502 ambiebat
493 3455 589 3500 catena
612 3447 701 3501 clausa
718 3453 798 3517 atque
814 3447 915 3516 magica
933 3453 1102 3514 consecrata,
1127 3447 1156 3500 in
1173 3463 1227 3517 qua

118 3517 228 3570 fortuna
253 3517 327 3570 urbis
351 3517 508 3570 credebatur
533 3516 694 3584 consistere,
720 3523 751 3569 ut
773 3517 889 3584 scilicet,
916 3533 1053 3588 quousque
1070 3516 1114 3570 illa
1131 3524 1226 3570 catena

118 3586 223 3657 integra
248 3592 381 3654 maneret,
406 3589 470 3640 urbs
495 3586 608 3640 omnium
630 3585 746 3655 gentium
768 3587 866 3640 victrix
883 3593 955 3640 essct
972 3587 1063 3640 sutura
1081 3593 1110 3638 et
1127 3588 1160 3639 ab
1177 3587 1226 3638 ho-

118 3655 199 3709 stium
222 3654 419 3709 incursionibus
441 3655 534 3709 libera.
570 3655 652 3710 clavis
673 3663 759 3710 autam
776 3663 886 3710 catenae
902 3657 951 3710 aab
969 3656 1078 3711 basibus
1095 3655 1226 3710 columna-

118 3741 175 3778 rum
191 3725 299 3778 defossa
315 3725 377 3780 fuit.

223 3795 255 3848 In
282 3795 373 3848 codem
397 3792 511 3848 miliario
533 3793 640 3877 positae
663 3798 727 3846 sunt
748 3797 854 3847 statuae
877 3793 992 3863 Sophiae
1015 3792 1105 3848 uxoris
1129 3791 1226 3846 lartini

118 3862 232 3918 'i'hracis
252 3869 281 3916 ct
297 3864 411 3918 Arabiae
428 3863 498 3918 filiae
516 3880 574 3919 enus
593 3871 622 3916 et
637 3863 755 3916 Helenae
773 3863 946 3918 consobrinae
963 3863 1031 3920 cius.

224 3934 346 3988 Statuam
372 3933 460 4003 magni
486 3929 585 3986 Leonis
609 3929 747 4000 Macclae,
776 3949 862 3986 nuncu
883 3938 951 3986 atam
974 3932 1111 3996 Pittacon,
1141 3925 1226 3980 erexit

117 4001 265 4073 Euphemia
283 4020 407 4072 germana
423 4003 481 4056 aius
498 4019 588 4072 soror,
614 4003 678 4074 quia
694 4001 732 4056 ibi
750 4001 850 4056 domum
864 3951 992 4056 baberet:
1019 4001 1122 4054 solebat
1138 4003 1226 4050 autem

117 4071 264 4142 imperator
282 4073 393 4142 singulis
410 4072 565 4142 septimanis
583 4089 639 4124 eam
656 4071 787 4138 invisere,
814 4073 937 4142 quoniam
954 4069 1071 4144 prudens
1089 4063 1225 4148 adnodant

118 4149 179 4193 erat
202 4149 230 4196 et
254 4151 408 4213 perpetuam
431 4143 560 4195 servabat
583 4139 774 4211 virginitatem.
809 4147 940 4212 quotquot
955 4140 1039 4210 igitur
1056 4137 1089 4190 ab
1107 4135 1166 4186 alne
1183 4149 1225 4214 τη-

116 4209 187 4263 iuria
210 4209 302 4266 affecti
325 4216 416 4279 erant,
441 4211 486 4268 rel
509 4212 582 4266 cives
606 4211 652 4264 vel
674 4210 850 4283 provinciales
874 4213 918 4266 vel
941 4226 976 4262 ex
999 4218 1154 4274 quacunque
1173 4203 1225 4254 alra

116 4279 192 4334 orbis
215 4287 308 4352 parte,
339 4281 442 4340 libellos
467 4298 530 4340 suos
551 4281 679 4352 gradibus
701 4281 760 4336 eius
778 4283 915 4336 columnae
930 4274 1113 4348 imponebant,
1138 4287 1224 4324 asser-
