2802 4636
520 297 579 364 DE
605 295 745 366 SIGNIS
773 296 833 364 GP.
1182 294 1233 365 43
1323 343 1324 350 ι

115 485 282 577 Ἀρκάδιος
305 489 338 553 ἐν
362 492 403 575 τῇ
426 485 506 576 πρὸς
529 485 680 572 ἀνατολήν
697 487 800 573 λιθίνῃ
818 481 920 569 ἁψῖδι.
970 481 1106 570 δπερδεν
1122 475 1157 549 δέ
1173 493 1235 554 τῶν

122 594 332 680 περιβλέπτων
360 589 501 676 μεγάλων
531 590 638 657 κιόνων
667 598 729 656 τῶν
760 591 975 676 τετραδισίων,
1000 579 1095 669 μέσον
1121 589 1154 653 δέ
1179 597 1236 674 τῆς

123 698 239 780 αὐλῆς,
275 695 355 762 ἐστιν
386 695 518 782 ἔφιππος
546 695 580 762 δν
609 696 638 760 οἳ
668 697 725 777 μέν
750 695 887 779 λέγουσιν
908 692 1026 776 Ἰησιιήν
1050 693 1103 771 τὸν
1128 697 1235 780 Ναυῆ,

122 803 222 888 ἕτεροι
247 801 281 866 δέ
303 800 358 866 τὸν
374 787 639 888 Βελλεροφόντην·
665 798 751 883 itit
770 800 804 864 δέ
821 794 881 862 ἀπὸ
899 801 964 878 τῆςΙ
971 794 1107 882 μεγάλης
1117 795 1233 864 ’Λντιο-
1251 819 1274 873 c

95 923 113 976 5
119 908 218 989 χείας.
270 904 305 970 τὸ
325 903 359 969 δέ
375 901 596 991 τετράπλευρον
613 909 667 969 τοῦ
685 905 818 988 {planco
835 901 869 966 τὸ
889 899 1068 984 λιθόξεστον
1081 900 1141 984 ἔχει
1153 904 1236 986 ἐγγε-

118 1008 301 1096 γραμμίνας
324 1008 459 1095 ἲστορίας
475 1014 535 1074 τῶν
552 1005 689 1090 ἐσχάτοιν
705 1013 742 1094 τῇ
760 1005 862 1084 πόλει,
888 1001 1090 1088 τυλνῬωοιῦν
1107 1003 1237 1089 μελλόν-

117 1139 185 1178 των
212 1118 342 1198 πορθεῖν
366 1112 422 1194 τήν
448 1112 543 1196 αὐτὴν
567 1110 671 1176 πάλιν·
698 1113 750 1176 καὶ
774 1110 809 1178 τδ
838 1106 984 1192 ἐμπόδιον
1010 1108 1238 1198 ἀνθρωποειδές

116 1212 345 1303 χαλκούργημα
379 1215 482 1302 βραχδ
512 1221 666 1292 παντελῶς
695 1218 747 1280 καὶ
776 1215 937 1296 δεδεμένον
965 1205 1137 1299 γονυκλινές
1151 1289 1153 1296 y
1166 1212 1237 1297 ἐχει.

119 1317 138 1388 ὅ
168 1321 246 1397 πούς
271 1317 287 1384 ὃ
313 1317 467 1402 εὐώνυμος
490 1325 546 1386 τοῦ
567 1318 701 1404 μεγάλου
727 1322 778 1384 καὶ
803 1317 899 1396 αὐτὸς
922 1319 1061 1401 σημαίνει
1078 1315 1124 1400 ὅτι
1143 1318 1236 1386 ἐκεῖσε

77 1441 113 1493 10
123 1424 368 1510 ἐγγεγραμμίνον
391 1425 482 1490 ἐστίν.
533 1419 680 1502 ὡσαύτως
702 1425 755 1488 καὶ
777 1419 793 1487 ὃ
815 1421 1033 1514 μίγαςκίωνὸ
1051 1429 1168 1510 κοῦφος
1187 1426 1238 1494 καλ

121 1525 140 1594 ὃ
169 1523 355 1615 Ξηρόλοηιος
376 1527 432 1604 τὰς
455 1525 588 1610 ἐσχάτας
611 1513 747 1615 ἱστορίας
762 1532 818 1612 τῆς
834 1523 950 1603 πόλεως
967 1524 1092 1608 ἔχουσιν
1105 1528 1137 1608 ἐν
1153 1525 1238 1606 ἱστο-

122 1631 208 1720 ρίαις
224 1631 476 1720 ἐγγεγραμμίνας.
955 1621 960 1720 γ’

223 1733 292 1824 Ὅτι
317 1734 351 1800 τδ
378 1732 565 1824 καλούμενον
593 1731 801 1822 Φιλαδελφιον
826 1731 856 1798 οἱ
878 1729 943 1797 υἶοί
957 1731 1014 1824 alos
1031 1737 1086 1798 τού
1100 1729 1238 1827 μεγάλου

123 1840 371 1904 Κωνσταντίυου.
422 1835 537 1904 ὁπόταν
555 1838 588 1902 δέ
606 1833 622 1902 ὃ
639 1839 735 1923 μέγας
753 1834 923 1920 ἐτελεύτησε
936 1833 992 1900 τοῦ
1003 1838 1239 1924 ’Κωνστιιντίνου

80 1956 114 2008 15
125 1941 214 2018 δ’ντος
231 1943 262 2006 ἐν
278 1952 343 2017 τοῖς
360 1941 549 2017 ἀνατολικοῖς
564 1925 686 2028 μίρεσι,
704 1937 908 2016 Κώνσταντος
925 1939 958 2008 δέ
975 1938 1035 2028 dud
1053 1936 1169 2016 δύσεως
1186 1943 1236 2004 καὶ
1253 1954 1278 2008 D

122 2044 250 2110 Γάλλου
268 2043 455 2130 ἐρχομίνων,
476 2042 682 2129 συνήσθησαν
699 2045 791 2110 ἐκεῖσε
808 2046 859 2108 καὶ
876 2039 1062 2132 ἀσπάζονται
1079 2040 1240 2132 ἀλλήλους.

124 2153 264 2212 καλεῖται
282 2149 314 2211 δέ
332 2143 347 2211 ὅ
366 2143 458 2224 τόπος
476 2145 685 2234 ’Φιλαδέλφιον
702 2145 758 2230 οὐχ
775 2145 821 2212 δτι
839 2144 902 2212 ἐκεῖ
913 2143 1136 2238 συνήφδησαν,
1154 2145 1240 2239 1ιλλλιλ

124 2255 183 2334 τῆς
211 2245 408 2333 ύτταντήσεως
437 2251 539 2318 αὐτῶν
566 2251 658 2316 ἐκεῖσε
685 2249 988 2336 άναστηλωθείσης.’..
1003 2245 1058 2326 ’ὥς
1076 2250 1119 2314 ’δέ
1145 2249 1241 2338 δ’τεροι

126 2355 240 2442 φασίν,
267 2351 314 2417 ὅτι
340 2353 375 2418 τὸ
402 2361 455 2419 νῦν
477 2349 664 2437 καλούμενον
691 2355 918 2442 Φιλαδίλιγιον,
945 2345 976 2418 ἐν
1001 2343 1109 2442 ᾧέστι
1125 2353 1238 2445 βόθρῳ

80 2454 205 2541 τοᾶιγίς
213 2505 224 2536 ,
242 2458 443 2544 προτείχισμα
459 2449 498 2541 ήν
514 2459 565 2521 καί
582 2455 680 2543 πύρτα
694 2459 824 2545 γερσαία
838 2458 872 2523 τδ
887 2453 1018 2522 παλαιόν
1025 2505 1036 2536 ,
1053 2453 1113 2522 ύιιδ
1128 2457 1240 2545 Κύρου

125 2565 423 2626 κατασκευασθεῖσα.
474 2563 539 2626 ἐκεῖ
559 2551 613 2626 σύν
634 2563 744 2627 λ’στατο
768 2559 789 2646 ἡ
813 2559 909 2645 στήλη
926 2566 983 2626 τού
999 2557 1117 2649 φόρου,
1142 2561 1180 2648 ἣν
1197 2565 1240 2642 είς

195 2724 214 2779 2
239 2715 272 2776 δλ
297 2739 339 2777 ont
357 2721 390 2778 0.
527 2721 546 2776 6
569 2722 626 2776 τῶν
651 2716 772 2793 ἐσχάτως
795 2717 950 2790 μελλόντων
968 2719 1038 2786 ‘Pae
1057 2726 1182 2792 πορθεῖν
1204 2725 1238 2780 (λ.

195 2793 214 2850 9
231 2792 284 2846 τοῦ
300 2792 391 2845 ἵππου
407 2791 460 2845 τοῦ
476 2789 598 2863 μεγάλου
616 2794 650 2848 C.
767 2794 800 2846 ll
819 2784 849 2844 ἐν
869 2789 921 2848 [υτ.
940 2787 1015 2862 ίγγ.]
1032 2789 1149 2854 καὶτοῖς
1167 2791 1240 2848 ἁλύ-

195 2880 252 2924 σεις
261 2858 419 2930 ἐνιστόρυτε
430 2863 463 2916 0.
556 2863 591 2917 13
608 2881 636 2933 p.
649 2861 683 2917 18
694 2862 779 2916 Band.
796 2879 823 2932 p.
835 2863 888 2921 276
901 2863 993 2916 Grets.
1079 2865 1114 2917 14
1126 2865 1237 2918 alterum

195 2931 394 2986 Κωνσταντίου
411 2932 444 2986 0.
550 2932 584 2985 15
603 2935 664 2995 τοῖς
679 2933 729 3000 τῆς
744 2926 930 3001 άνατολήςμ.
948 2932 981 2985 C.
1082 2932 1116 2987 19
1135 2929 1236 3004 βόθρῳ

197 2997 283 3072 διψάς]
300 2997 454 3071 βορριόθεν
468 2995 588 3072 άψίδιον
606 3003 640 3056 G.

126 3140 236 3195 Arcadii
258 3157 324 3194 vero
349 3138 382 3192 ed
405 3139 550 3194 Orientem.
585 3139 615 3192 in
630 3139 716 3192 medio
734 3139 850 3194 eiusdem
867 3155 945 3193 areae
960 3143 1073 3193 statuam
1090 3143 1239 3209 equestrem

127 3228 238 3280 magnae
271 3211 405 3264 columnae
436 3209 581 3278 quadratae
612 3209 759 3280 sustinent,
791 3226 869 3278 quam
893 3210 940 3263 alii
966 3212 1027 3263 Iesu
1052 3210 1163 3278 Navae,
1193 3210 1240 3264 alii

126 3279 339 3350 Bellerophontis
365 3295 424 3332 esse
450 3279 555 3331 dicunte
582 3279 662 3331 allata
686 3281 738 3332 luit
759 3295 793 3332 ex
810 3297 903 3348 magna
919 3281 1070 3334 Antiochia.
1105 3290 1240 3334 caeterum

127 3351 201 3412 basis
227 3349 332 3419 lapidea
356 3348 520 3419 quadrilater
540 3349 672 3417 equestris
688 3349 759 3402 illius
776 3355 881 3402 statuae
899 3350 980 3404 habet
996 3349 1141 3422 insculptas
1159 3351 1242 3404 histo-

127 3421 184 3474 rias
201 3435 288 3471 rerum
305 3418 519 3486 novissimarum,
538 3435 608 3488 quae
623 3417 684 3470 urbi
700 3418 820 3472 accident
835 3437 892 3474 cum
905 3437 920 3472 a
932 3420 1027 3474 Russis
1039 3422 1241 3492 expugnabitur.

126 3491 193 3543 item
216 3505 327 3558 parvum
349 3487 414 3540 illud
437 3487 539 3558 signum
564 3505 669 3540 aereum
690 3489 782 3554 virile,
812 3489 883 3560 quod
905 3490 939 3542 ad
962 3489 1042 3560 pedes
1066 3500 1129 3543 ante
1150 3490 1239 3543 dictae

129 3558 261 3628 equestris
280 3565 383 3612 statuae
401 3557 514 3610 vinctum
533 3561 560 3610 et
577 3557 741 3626 genuflexum
759 3558 868 3626 visitur,
887 3561 978 3612 eadem
997 3561 1124 3614 continet.
1157 3577 1240 3645 prae-

127 3635 205 3683 terea
222 3645 327 3698 quoque
343 3643 391 3698 pes
408 3627 499 3680 laevus
516 3626 590 3697 equi,
609 3627 679 3698 quod
696 3629 723 3680 in
742 3645 773 3680 eo
790 3629 943 3698 inscriptum
956 3636 1012 3695 est,
1030 3631 1239 3702 praesignificat.

131 3697 251 3751 similiter
275 3705 304 3750 et
326 3714 420 3767 magne
443 3697 562 3751 columna
583 3713 699 3751 concava
718 3705 746 3752 et
762 3697 930 3770 xerolophus
946 3699 1051 3752 ultimos
1070 3701 1143 3754 urbis
1161 3717 1239 3756 casus

129 3767 258 3838 figuratos
276 3767 412 3822 exhibent.

236 3835 421 3908 Spectaculum
445 3835 487 3888 cui
508 3833 682 3905 Philadelphii
705 3853 814 3903 nomen,
837 3841 942 3890 statuae
958 3842 1020 3892 sant
1037 3837 1148 3892 liliorum
1167 3838 1241 3888 Con-

129 3907 244 3960 stantini
271 3907 373 3977 magni:
402 3915 541 3976 postquam
569 3907 637 3960 enim
664 3906 723 3976 ipse
752 3906 832 3972 obiit,
864 3908 1037 3960 Constantius
1065 3907 1094 3960 iu
1121 3907 1239 3977 partibus

129 3977 253 4030 Orientis
270 3977 368 4046 degens
386 3985 415 4029 et
432 3975 562 4029 Constans
579 3993 636 4029 cum
654 3977 732 4029 Gallo
751 3976 784 4028 ab
803 3975 950 4029 Occidente
966 3978 1094 4044 veniens,
1121 3976 1196 4026 ambo
1213 3974 1241 4025 in

129 4045 181 4098 hoc
206 4047 264 4100 loco
290 4045 424 4100 coniuncti
448 4063 478 4100 se
502 4047 614 4100 invicem
639 4047 833 4100 salutaverunt.
867 4054 979 4100 vocatur
1002 4054 1089 4100 antem
1108 4045 1180 4096 locus
1197 4042 1243 4094 ille

129 4113 338 4188 Philadelphium
364 4133 416 4169 uon
441 4125 584 4186 propterea
609 4117 729 4186 quidem,
756 4115 827 4186 quod
847 4116 886 4170 ibi
906 4115 1040 4169 coniuncti
1056 4113 1169 4177 suerint,
1196 4113 1243 4163 sed

131 4185 254 4252 quoniam
279 4185 358 4255 primi
382 4203 470 4239 eorum
495 4203 651 4257 congressus
676 4187 778 4256 signum
802 4185 865 4240 istic
889 4195 1004 4239 erectum
1028 4188 1078 4234 est.
1114 4179 1160 4231 ulii
1177 4197 1243 4231 vero

130 4251 224 4306 dicunt
240 4255 323 4308 locum
340 4255 386 4324 qui
403 4273 473 4310 nnnc
488 4267 600 4311 vocatur
616 4255 839 4327 Philadelphum,
859 4255 1005 4326 antiquitus
1022 4249 1243 4318 propugnaculum

129 4321 216 4376 luisse
243 4333 271 4377 et
294 4331 398 4395 portam
424 4331 577 4382 terrestrem
603 4343 620 4382 a
644 4327 716 4381 Caro
744 4335 915 4380 exstructam.
951 4324 978 4374 in
1002 4320 1052 4370 hoc
1074 4317 1133 4370 loco
1155 4318 1244 4370 stabat
