2802 4636
149 317 199 386 10
485 305 704 376 GEORGIUS
733 303 921 373 CODINUS

142 504 313 594 στρατηγὸς
328 496 457 585 Χάρης,
476 496 532 563 σόν
548 499 639 562 ναυσὶ
655 492 688 578 μ’
709 498 752 572 εἰς
769 495 947 578 συμμαχίαν
963 495 1141 574 Βυζαντίων
1158 496 1263 562 ironia

141 612 220 699 πρὸς
236 608 289 674 τὸν
306 604 385 672 κατὰ
405 603 561 667 Φιλίππου
579 598 726 683 πόλεμον,
743 600 893 680 κατέλαβε
910 598 965 682 τὴν
982 597 1079 685 ἀκρον
1096 607 1151 684 τῆς
1168 603 1262 687 Προ-

141 717 292 790 ποντίδος,
311 707 332 794 ἥ
351 734 397 785 τις
413 707 528 790 μεταξδ
546 715 640 770 κεῖται
657 701 861 786 Χαλκηδόνος
877 705 929 768 καὶ
944 702 1185 790 Χρυσοπόλεως,
1205 709 1261 770 καλ

142 821 173 884 ἐν
198 818 300 902 ἐκείνῳ
324 821 368 902 τῷ
392 810 475 899 τόπῳ
494 811 706 897 προσορμίσας
732 806 902 891 ἀπόπειραν
914 805 1073 890 ’ἐλάμβανε
1092 815 1148 874 τοῦ
1164 810 1258 874 πολέ-
1396 811 1397 896 i

142 949 214 1006 μου.
265 918 344 984 ἔνθα
362 918 412 981 καὶ
429 915 485 997 τὴν
502 925 630 1001 γυναῖκα
647 913 853 996 συνεπομένην
869 911 945 996 έχων
963 913 1048 1001 αὐτῷ
1055 961 1065 992 ,
1083 910 1164 1001 νόσῳ
1175 919 1283 997 dir-5

141 1033 252 1092 θεῖσαν
279 1020 446 1103 ἀποβαλὼν
470 1021 502 1084 ἓν
525 1016 616 1107 τάφῳ
639 1018 826 1102 κατέθηκεν,
852 1013 1029 1100 ἀναστήσας
1052 1017 1131 1103 αὐτῇ
1149 1017 1259 1099 βωμὸν

142 1134 194 1196 καὶ
221 1130 326 1205 κίονα,
352 1128 384 1190 έν
408 1116 434 1213 ᾧ
452 1123 583 1206 δάμαλις
601 1124 752 1188 δείκνυται
770 1123 802 1185 ἐκ
820 1125 926 1198 ξεστοῦ
944 1124 1047 1186 λίθου.
1099 1119 1179 1186 οότω
1197 1123 1257 1208 γὰρ

69 1256 91 1308 Ρ
109 1254 125 1306 5
142 1236 197 1318 τὴν
224 1231 396 1313 ἐπωνυμίαν
422 1229 563 1311 ἐκέκλητο
588 1229 683 1310 ἐκείνη
699 1222 720 1308 ἡ
737 1227 813 1311 γυνὴ
830 1233 885 1290 τοῦ
903 1223 1068 1312 Χάρητος,
1096 1224 1114 1292 ό
1132 1251 1188 1313 περ
1206 1213 1269 1290 καί

246 1754 345 1834 κείνην
363 1750 423 1836 γάρ
441 1749 476 1816 τὸ
495 1746 628 1835 πάροιθε
646 1746 747 1833 βαρδς
760 1745 856 1831 χόλος
871 1745 985 1830 ἤλασεν
997 1742 1102 1834 Ἥρας

297 1856 328 1932 ἔς
347 1852 471 1940 Φάρον·
495 1852 550 1935 ἣδε
569 1853 601 1916 δ’
621 1851 680 1937 ἐγὼ
698 1853 851 1938 Κεκροπίς
870 1853 931 1933 εἶμι
949 1852 1045 1926 νέκυς.

246 1959 357 2035 εὐνέτις
373 1951 410 2042 ἦν
428 1959 461 2022 δὲ
477 1955 643 2045 Χάρητος,
671 1954 770 2020 έπλων
789 1955 820 2020 δ’
840 1953 890 2020 ότε
907 1960 1006 2020 πλῶον
1024 1957 1136 2030 ἐκεῖνος
1266 1969 1299 2022 15

296 2066 370 2148 τῇδε
390 2064 577 2127 Φιλιππείων
595 2061 760 2138 ἀντίπαλος
779 2061 934 2146 σκαφέων.

245 2170 375 2249 βοιίδιον
393 2165 425 2230 δ’
445 2165 557 2247 ἤκουον
574 2165 633 2248 ἐγὼ
650 2163 735 2229 τότε·
761 2170 815 2228 νῦν
835 2166 869 2228 δέ
885 2159 1034 2250 Χάρητος

104 2291 126 2343 Β
297 2267 408 2342 εάνέτις
425 2265 561 2352 ἠπείροις
577 2269 726 2352 τέρπομαι
743 2266 940 2352 ἀμφοτέροις.

248 2377 314 2436 Τοῦ
340 2371 372 2435 δέ
395 2367 544 2455 Χάρητος
568 2372 610 2446 εἲς
628 2365 776 2452 Ἀθήνας
799 2367 1018 2443 ἐκπλεύσαντος
1040 2363 1257 2451 Πρωτόμαχος

110 2463 112 2468 ,
142 2477 198 2560 τὴν
217 2475 419 2562 στρατηγικὴν
437 2474 535 2560 ἀρχὴν
555 2474 743 2555 διαδέχεται,
770 2470 805 2550 ἀς
828 2473 900 2549 τούς
918 2470 1147 2548 ἐπαναστάντος
1166 2471 1299 2560 (ἀρᾷ-20

144 2609 201 2658 κας
218 2577 531 2661 καταδουλωσάμενος
547 2587 611 2654 τοΐς
627 2575 732 2652 ὅπλοις
750 2579 781 2640 ἓν
797 2583 842 2666 τῷ
859 2577 1036 2664 καλουμένῳ
1050 2577 1158 2662 Μιλίῳ
1170 2573 1257 2663 τόπῳ

143 2692 198 2769 τῆς
214 2683 331 2761 πόλεως
343 2681 461 2767 χάλκεα
479 2683 623 2766 ἀνέστησε
640 2678 784 2769 τρόπαια.
828 2683 1045 2765 κατοιχομένου
1064 2681 1097 2744 δὲ
1115 2682 1166 2745 καὶ
1183 2677 1256 2744 τοό-

296 1646 435 1730 κλήζεται
454 1644 593 1710 ἀντωπδν
610 1641 786 1730 Βοσπόριον
803 1644 942 1726 πέλαγος.

212 2896 247 2954 14
268 2891 337 2966 ἥδε]
364 2890 383 2966 ἡ
411 2895 500 2966 vuigo.
640 2893 674 2951 17
697 2893 808 2966 βοίδιον
834 2888 944 2964 οόνομα
969 2891 999 2947 δ’
1025 2883 1076 2963 ἦεν
1099 2887 1162 2965 ἐμοὶ
1186 2897 1252 2950 Hes.
1396 2895 1397 2968 i

143 3088 245 3140 Chares
263 3082 320 3139 cu'm
339 3084 516 3155 quadraginta
534 3085 647 3137 navibus
665 3085 692 3137 in
709 3085 833 3137 auxilium
850 3085 1041 3154 Byzantiorum
1066 3091 1202 3156 profectus
1222 3089 1254 3140 ad
1396 3121 1397 3154 ι

143 3158 238 3209 bellum
255 3162 349 3206 contra
365 3154 514 3224 Philippum
532 3155 676 3223 occupavit
692 3157 897 3225 promontorium
914 3155 1102 3224 Propontidis,
1125 3159 1196 3227 quod
1213 3160 1256 3210 in·
1396 3163 1397 3200 i

142 3235 185 3279 ter
197 3225 387 3278 Chalcedonem
405 3231 433 3276 et
445 3223 628 3293 Chrysopolim
645 3225 723 3277 situm
740 3231 797 3292 est,
815 3226 905 3296 ibique
921 3225 1065 3296 periculum
1082 3229 1145 3281 belii
1161 3229 1256 3282 subiit.

143 3298 177 3348 in·
189 3296 279 3348 eodem
296 3295 354 3346 loco
372 3294 523 3363 coniugem,
542 3295 718 3364 expeditionis
737 3297 865 3364 comitem,
882 3297 973 3348 morbo
990 3297 1149 3352 exstinctam
1166 3299 1255 3368 sepui-

142 3375 220 3418 turae
237 3365 365 3429 tradidit,
383 3369 411 3416 et
428 3379 499 3416 aram
518 3365 542 3416 ei
560 3365 650 3436 posuit
668 3383 724 3418 cum
743 3367 875 3433 columne,
902 3367 930 3418 in
947 3383 1000 3434 qua
1017 3367 1124 3422 damaiis
1145 3385 1193 3421 seu
1211 3370 1255 3421 iu-

143 3454 228 3489 venca
246 3435 409 3504 conspicitur
426 3452 459 3488 ex
475 3435 564 3504 lapide
583 3436 680 3506 polito:
710 3437 759 3487 hoc
777 3438 845 3488 enim
862 3437 966 3488 nominc
991 3446 1142 3508 nuncupata
1165 3443 1255 3492 iuerat

143 3507 268 3559 Charetis
283 3505 329 3558 iiia
346 3519 427 3574 uuor,
457 3513 488 3558 ut
503 3505 587 3576 liquot
610 3521 644 3558 ex
667 3505 808 3577 adscriptis
834 3506 915 3558 hisce
930 3507 1071 3576 versibus,
1099 3509 1145 3578 qui
1169 3510 1254 3562 adhuc

142 3593 172 3628 su
194 3584 295 3630 ersuni.

175 3595 192 3648 p
307 3644 432 3698 inachiae
449 3659 501 3695 non
519 3659 576 3698 sum
593 3645 696 3714 signum
712 3645 807 3712 bovis,
825 3645 947 3714 haudque
965 3653 1078 3702 vocetur

351 3732 367 3767 a
384 3731 425 3766 me
442 3714 581 3766 adversum
596 3715 661 3768 iliud
679 3717 834 3786 Bosporium
849 3716 983 3784 pelagus.'

307 3785 375 3837 hanc
392 3785 488 3836 etenim
506 3784 579 3851 prius
596 3785 638 3838 ira
655 3789 747 3856 gravis
762 3787 871 3839 Iunonis
889 3785 981 3854 abegit

349 3869 435 3924 usque
453 3853 583 3908 Pharumr
599 3856 646 3908 sed
664 3875 714 3926 ego
733 3865 908 3910 montuosum
927 3855 1064 3926 Cecropis.

305 3929 388 3994 atque
410 3925 534 3976 Choretis
554 3943 624 3978 eram
642 3927 751 3992 coniux,
769 3927 894 3996 iilumque
912 3929 1046 3997 sequebar

351 4011 444 4063 nempe
461 3994 606 4064 Philippeia
625 3997 737 4049 naribus
754 3998 911 4066 oppositum.

307 4062 403 4115 bucuia
418 4065 491 4116 dicta
508 4064 564 4116 fui:
582 4066 695 4118 coniunx
714 4083 784 4118 nunc
801 4075 878 4136 grata
894 4066 1019 4120 Charetis

349 4139 479 4186 terrarum
496 4134 597 4202 gemino
615 4135 701 4188 laetor
716 4146 829 4205 atroque
848 4137 915 4188 solo.

247 4201 313 4255 Cum
323 4221 387 4255 vero
397 4203 501 4256 Chares
512 4204 630 4256 Athenas
642 4205 804 4274 navigasset,
816 4205 1006 4258 Protomachus
1016 4209 1166 4273 praeturam
1175 4215 1254 4254 exce-

144 4270 198 4338 pit,
218 4273 263 4338 qui
281 4289 339 4326 curn
356 4275 531 4326 obturbantes
547 4273 669 4326 Thracas
688 4275 767 4327 annis
784 4275 970 4342 subiugasset,
996 4291 1076 4326 aerea
1093 4280 1205 4334 tropaea
1223 4289 1256 4323 eo

144 4339 172 4391 in
191 4341 264 4392 urbis
282 4342 339 4396 loco
358 4343 403 4414 qui
422 4343 567 4396 Miliarium
585 4343 683 4396 dicitur
701 4345 805 4398 statuit.
840 4345 891 4397 hoc
908 4344 988 4398 etiam
1005 4348 1110 4396 mortuo
1121 4341 1257 4394 Timesius
