2808 4616
305 247 524 318 GEORGIUS
550 245 740 316 CODINUS
763 246 822 313 DE
848 247 881 314 S.
908 249 1074 316 SOPHIA.
1174 247 1247 319 131

130 465 191 526 χον
208 437 379 526 Νεκταρίου
395 437 452 502 scii
470 431 640 522 ἀγιωτάτου
648 481 659 515 ,
685 439 728 512 εἰς
743 433 799 518 τήν
816 430 951 524 Εἰρήνην
967 435 1174 519 καθεζομένου
1191 438 1247 523 τήν
1264 446 1288 500 0

133 541 279 611 παλαιάν.
327 538 501 624 διήλθοσαν
526 540 561 604 δέ
580 537 688 626 χρόνοι
712 539 837 618 δεκαέξ,
864 541 916 604 καλ
932 530 971 623 ἦν
988 539 1122 625 ἀσκεαὴς
1138 538 1158 625 ή
1177 540 1248 628 ἀγία

135 649 250 735 Σοφία.
298 642 476 732 προστάξας
497 643 532 710 δὲ
554 639 571 709 ὅ
594 643 742 727 βασιλεὺς
760 639 927 720 Θεοδόσιος
939 638 1098 731 Ῥουφῖνον
1113 645 1168 712 τὸν
1183 644 1248 729 μά-

134 775 257 839 γιοτρον
282 749 429 816 έσκέπαοε
455 746 490 814 τὸ
517 747 623 833 στέγος
647 747 702 814 διὰ
728 750 961 835 κυλινδροειδῶν
985 745 1142 836 καμάραν.
1194 755 1246 816 καὶ

109 853 293 943 ἀδιήρκεσεν,
308 851 407 929 οὕτως
423 852 512 940 μέχρι
530 857 586 936 τῆς
600 852 761 933 βασιλείας
783 851 1015 919 Ἰουστινιανοῦ.
1066 857 1109 931 είς
1133 853 1168 918 δὲ
1191 855 1245 920 τὸν

131 961 269 1042 πέμπτον
283 953 397 1044 χρόνον
413 963 468 1040 τῆς
482 954 578 1022 αάτοῦ
589 957 765 1037 βασιλείας,
781 955 860 1039 μετδ
875 955 911 1022 τὸ
928 957 1070 1041 γενέσθαι
1085 957 1142 1042 τὴν
1159 983 1245 1046 σφα-

129 1062 189 1150 γήν
213 1063 245 1128 ἓν
268 1067 312 1149 τῷ
336 1060 449 1148 ἱππικῷ
471 1065 533 1125 τῶν
557 1060 806 1145 τριακονταπέντε
827 1057 994 1144 χιλιάδων,
1021 1061 1244 1148 ἀναιρεθέντων

129 1169 227 1234 ἐκεῖσε
255 1163 309 1230 διὰ
333 1163 369 1230 sd
397 1163 642 1249 ἀναγορευθῆναι
666 1164 753 1250 παρά
776 1173 838 1232 τῶν
864 1168 1036 1250 δημοτικῶν
1061 1163 1117 1234 δύο
1141 1173 1245 1254 μερῶν

126 1267 277 1335 Ὑπάτιον
299 1266 354 1333 τὸν
376 1269 535 1352 πατρίκιον
551 1270 602 1331 καλ
619 1265 778 1354 δήμαρχον
794 1271 907 1356 μέρους
923 1275 984 1334 τῶν
1001 1271 1154 1350 Βενέτων,
1180 1271 1244 1337 tvt-

87 1385 124 1442 10
131 1397 260 1439 πνευσεν
279 1367 296 1436 ἀ
313 1367 497 1455 πανάγαθος
513 1370 588 1447 θεὸς
603 1374 654 1436 καλ
672 1369 895 1459 φιλάνθρωπος
911 1375 955 1448 εἰς
970 1371 1026 1454 τήν
1038 1371 1176 1440 διάνοιαν
1187 1383 1244 1442 τοῦ

128 1476 284 1562 βασιλέως
305 1475 530 1540 ’1ουοτινιανοῦ
553 1481 610 1539 cori
635 1477 838 1558 οἰκοδομῆσαι
861 1471 950 1554 ναόν,
975 1471 1040 1552 οἶος
1056 1476 1112 1541 οὐκ
1129 1478 1243 1562 ἐγένετο

129 1579 193 1648 ἀπὸ
216 1578 315 1662 Ἀδδμ
340 1575 409 1644 crire
431 1577 596 1664 γενήσεται.
648 1576 765 1664 ἴγραιμε
785 1579 822 1644 δὲ
843 1581 895 1644 καὶ
912 1588 975 1657 τοῖς
991 1590 1172 1667 στρατηγοῖς
1187 1593 1285 1647 το-Ι)

128 1681 265 1770 πάρχαις
285 1684 337 1748 καὶ
355 1692 528 1769 σατραπαῖς
544 1685 594 1748 καὶ
613 1684 699 1761 δουξὶ
714 1685 767 1748 καί
779 1672 860 1749 ’ποῖοι
879 1692 943 1760 τοῖς
959 1674 1045 1749 οὖσιν
1062 1684 1243 1771 ἀρχηγέταις

129 1787 253 1856 πάντων
268 1793 329 1854 τῶν
345 1792 513 1869 βασιλικῶν
528 1784 675 1870 θεμάτων
691 1785 843 1871 ἀνατολῆς
858 1813 891 1852 τε
908 1789 958 1851 καὶ
977 1786 1108 1866 δύσεως,
1127 1787 1241 1873 άρκτου

86 1901 123 1958 1⁵
132 1895 184 1959 καὶ
208 1892 419 1977 μεσημβρίας,
446 1891 568 1974 πέμψαι
592 1890 677 1979 αὐτῷ
697 1889 774 1974 ὕλην
790 1887 963 1975 ἀνήκουσαν
980 1894 1024 1966 είς
1039 1889 1074 1956 sd
1092 1890 1243 1980 ἀνεγεῖραι

129 2002 271 2063 τοιοῦτον
294 1991 548 2076 ἀξιοθαύμαστον
570 1996 621 2058 καὶ
640 1990 876 2083 θεοφροάρητον
893 1997 943 2058 καὶ
960 1991 1174 2081 θεοφάλακτον
1190 1998 1243 2060 καὶ

130 2103 299 2184 περικαλλῆ
321 2093 396 2161 ναόν
402 2144 412 2175 ,
439 2094 515 2161 ὅπου
541 2098 661 2180 δηλαδή
687 2095 854 2184 εὗρεθῶσι,
879 2095 982 2174 κίονάς
1004 2124 1036 2163 τε
1059 2100 1110 2162 καί
1127 2123 1242 2183 συστη-

130 2199 229 2286 μάτια
255 2196 375 2266 στήθεά
401 2225 434 2265 τε
460 2202 511 2264 καὶ
535 2197 652 2282 ἀβάκια
676 2203 726 2264 καὶ
749 2197 983 2286 καγκελοθάρια.
1034 2196 1144 2280 πάντες
1161 2203 1196 2267 δὲ
1212 2202 1243 2267 ci

129 2305 208 2392 παρ’
234 2303 330 2370 crisci
352 2309 410 2372 soii
430 2303 584 2386 βασιλέως
605 2303 828 2368 Ἰσυστιυιανοῦ
845 2301 1021 2387 ὃρισθέντες
1032 2305 1192 2391 χαίροντές
1207 2331 1240 2372 τε

84 2411 182 2475 uorat
208 2405 429 2494 ἀγαλλιώμενοι
444 2405 578 2489 ἔπεμπον
593 2411 639 2494 τῷ
652 2411 780 2488 βασιλεῖ
800 2406 1011 2495 Ἰυυστινιανῷ
1027 2407 1082 2491 τὴν
1097 2406 1242 2492 τοιαύτην

127 2511 206 2597 ὃλην
213 2559 224 2592 ,
249 2508 469 2597 συναγαγόντες
491 2509 588 2594 atrio
610 2507 672 2574 ἀπό
688 2535 721 2576 τε
736 2516 820 2576 νοῶν
835 2514 1001 2577 εἰδωλικῶν
1016 2511 1068 2576 καλ
1084 2515 1240 2578 παλατίων

129 2622 268 2703 λουτρῶν
291 2640 324 2682 τε
347 2617 399 2680 καλ
416 2614 506 2680 οἷ’κοιν
524 2611 584 2680 ἀπὸ
601 2611 724 2680 πάντων
739 2617 801 2680 τῶν
817 2612 964 2698 θεμάτων
981 2620 1036 2698 τῆς
1051 2617 1238 2701 οἰκουμένης.
1254 2627 1278 2682 Ρ
1294 2628 1329 2686 65

12 2727 15 2734 '
129 2723 182 2786 καὶ
205 2719 278 2796 τοὺς
302 2718 358 2802 μὲν
382 2717 462 2783 ὀκτώ
485 2718 588 2796 κίονος
610 2717 683 2794 τοάς
700 2715 888 2801 Ῥωμαίους,
912 2716 1020 2794 κοθῶς
1037 2743 1113 2804 φησι
1129 2717 1239 2785 Πλού-

128 2847 245 2911 ταρχος
267 2827 514 2910 πρωταοεκρῆτις
536 2823 587 2886 καλ
612 2819 874 2912 ίπιοτυλογράφος
893 2821 1133 2901 Ἰουστινιανοῦ,
1158 2824 1238 2905 μετὰ

128 3016 277 3072 triarchetu
302 3014 459 3069 sanctissimi
482 3016 615 3084 Nectarii,
641 3017 670 3069 in
692 3017 801 3088 antiqua
824 3013 902 3070 Ῑιεαο
924 3014 1108 3086 praesidentis.
1142 3013 1239 3071 exinde

128 3087 196 3142 tutis
221 3085 353 3139 sexdecim
379 3086 455 3138 annis
478 3093 550 3140 tecto
576 3087 606 3140 S.
623 3086 724 3156 Sophia
742 3087 838 3142 ceruit.
870 3088 1014 3157 imperator
1029 3103 1093 3138 vero
1111 3084 1239 3139 Theodo-

128 3157 185 3218 sius
207 3156 330 3208 Rufinum
352 3156 503 3224 magistrum
520 3156 595 3225 operi
612 3158 768 3226 praeficiens
785 3164 856 3210 tecto
874 3173 907 3209 ex
925 3157 1075 3224 cylindrace
1093 3156 1237 3211 fornicibus

128 3225 275 3296 compositu
297 3241 354 3277 earu
377 3224 498 3294 operuit3
524 3233 552 3277 et
568 3225 607 3277 its
624 3228 768 3310 permensit
784 3243 869 3296 nsque
884 3225 919 3278 ad
936 3226 1070 3296 inperium
1085 3223 1239 3282 Iustiniani

128 3296 222 3366 quinto
248 3301 334 3347 autem
357 3311 426 3348 anno
450 3295 507 3348 eius
529 3294 632 3365 imperii
649 3298 794 3367 postillam
811 3306 924 3365 stragem
940 3296 968 3348 in
986 3311 1037 3366 qua
1055 3296 1089 3349 3⁵
1107 3295 1237 3350 hominurn

127 3365 199 3420 milia
216 3366 245 3417 in
261 3363 441 3434 Hippodromo
457 3364 594 3418 interiecti
611 3375 686 3433 sant,
709 3367 772 3436 quie
790 3367 857 3419 duae
873 3366 963 3437 populi
981 3373 1072 3435 partes
1089 3363 1235 3434 Hypatium

126 3434 270 3506 patricium
287 3442 315 3487 et
331 3437 492 3504 praefectum
509 3437 630 3488 Venetae
647 3436 769 3488 factionis
784 3437 967 3506 imperatorem
984 3435 1147 3501 saintarant,
1170 3436 1236 3489 deus

163 3505 242 3557 timus
266 3511 296 3556 st
318 3503 514 3557 humanissimus
537 3505 692 3574 imperatori
713 3506 859 3558 Iustiniana
882 3513 994 3558 mentem
1018 3505 1091 3556 dedit
1114 3511 1144 3558 ut
1169 3511 1236 3558 tenr-

127 3591 148 3646 p
175 3591 215 3640 m,
243 3573 321 3643 quale
339 3574 489 3627 sindono
506 3591 559 3626 non
576 3575 630 3627 fuit
647 3591 733 3642 neque
750 3575 814 3642 fist,
833 3575 995 3628 aedificaret.
1031 3573 1139 3642 scripsit
1156 3575 1235 3627 etiam

126 3643 311 3714 praesidibus,
335 3643 486 3714 toparchis,
506 3645 637 3715 satrapis,
655 3645 766 3697 ducibus
784 3654 811 3697 et
827 3645 946 3697 omnibus
963 3643 1105 3716 praefectis
1123 3645 1235 3696 omniurn

127 3713 324 3784 provinciarum
346 3713 451 3782 imperii
476 3713 509 3765 nd
533 3714 667 3768 Orientem
687 3711 858 3767 Occidentem
877 3713 1088 3782 Septentrionem
1106 3719 1135 3765 et
1151 3711 1235 3766 Meri·

126 3782 211 3848 diem,
238 3789 268 3835 ut
292 3783 344 3835 sibi
366 3784 502 3837 mitterent
524 3784 660 3837 materiem
683 3783 716 3836 ad
740 3785 923 3836 exstruendum
939 3792 992 3836 tam
1011 3782 1129 3836 mirabile
1146 3789 1175 3834 et
1192 3781 1236 3833 dei

126 3851 261 3923 praesidio
286 3851 409 3906 munitum
436 3853 648 3924 ennoditumqne
664 3861 692 3906 et
709 3853 901 3922 pulchritudine
917 3869 979 3906 cans
999 3853 1084 3906 ionum
1101 3849 1234 3921 tempium,

126 3921 278 3992 ubicunque
304 3921 431 3975 videlicet
455 3923 607 3977 invenirent
631 3921 764 3976 columnas
788 3923 889 4044 lapides
914 3869 1016 3976 tabefiat
1039 3930 1067 3974 et
1088 3921 1233 3974 clathrates

125 3990 233 4044 ianuas.
268 4007 358 4045 omnes
380 3993 463 4061 igiter
485 3992 509 4045 ei
532 3994 572 4045 rei
592 3994 626 4046 sb
642 3993 800 4063 imperatore
831 3992 961 4046 ustiniano
978 3990 1104 4044 destinati
1121 3989 1235 4041 alacres-

127 4075 181 4128 que
202 4061 356 4130 impsratori
378 4061 516 4115 materiam
540 4062 668 4116 eiusmodi
693 4063 887 4132 summiserunt,
912 4061 1046 4116 collectam
1066 4076 1100 4110 ex
1118 4057 1238 4111 delubris

126 4129 271 4197 idolorum,
289 4131 397 4214 palatiis
413 4131 515 4186 balneis
532 4139 561 4185 et
578 4131 688 4186 aedibus
705 4133 817 4186 omniurn
834 4133 1026 4204 provinciarum
1045 4125 1162 4180 universi
1179 4135 1237 4180 ter-

126 4215 216 4252 rarum
239 4200 323 4252 orbis.
357 4209 489 4255 coeterum
512 4208 574 4255 octo
597 4205 731 4256 columnas
755 4203 903 4266 Romanas,
929 4209 960 4254 ut
978 4199 1064 4251 refert
1078 4195 1239 4250 Plutarchus

125 4269 227 4338 primus
251 4285 269 4322 a
292 4269 403 4323 sarni·
426 4279 455 4326 et
478 4273 512 4325 ab
536 4271 657 4342 epistolis
678 4271 841 4341 lusciniaco,
872 4271 953 4325 vidua
982 4264 1109 4337 quaedam
1133 4267 1238 4322 nomiae
