2814 4608
473 259 530 323 AD
559 255 758 323 CODINUM
783 257 938 324 NOTAE.
1184 261 1258 334 261

152 431 355 509 κινυυπόλεως
373 431 422 497 καλ
444 435 613 542 Γρηγσρίον
632 457 686 497 του
674 430 874 542 θεολόγον,
895 432 972 500 κατά
992 439 1190 504 Μακεδονίαν
1204 447 1260 507 τοῦ

151 517 417 624 πνευματομάχσυ·
437 516 470 583 τό
491 517 549 626 γάρ
571 515 659 602 άγιον
680 523 800 600 πνεῦμα
820 515 878 584 οῦκ
900 523 979 604 ἔλεγε
994 521 1071 588 θεόν
1086 520 1153 587 ἄλλ’
1170 523 1259 592 άλλό-

151 631 237 718 τριυν
258 613 312 687 τῆς
331 600 483 710 θεότητος.
526 601 593 684 ἥτις
614 603 666 668 καί
688 605 862 686 προσέθηκε
883 612 927 669 τοῦ
947 607 1037 714 άγίῳ
1046 609 1185 717 συμβόλῳ
1205 619 1259 694 τῆς

151 696 291 769 πίστεως,
314 685 424 765 οῦτως·
443 689 497 754 καί
519 687 615 766 είς
582 715 616 753 τυ
634 695 755 770 πνεῦμα
775 688 810 756 τό
832 687 919 796 άγιογ
940 689 973 757 τό
996 689 1105 800 κόριον
1128 693 1161 760 τὸ
1182 701 1258 771 ζωο-

151 773 252 842 ποιόν.
294 777 343 840 ἐπί
371 780 428 840 τοῦ
455 771 553 840 αῦτοῦ
573 779 737 839 Θεοδοσίου
758 781 814 840 τοῦ
833 772 963 884 μεγάλου
985 773 1117 887 άπετέθη
1121 801 1176 844 σαν
1196 785 1258 847 λεί-

150 878 238 969 6666
259 857 350 936 είς
321 885 372 926 τον
392 858 470 925 ναόν
489 867 546 926 τοῦ
564 858 732 944 Ἑβδόμου·
763 859 840 926 όδέ
859 857 1034 939 Ἄττικος
1010 889 1052 948 ην
1072 865 1258 950 πατριάρχης

150 944 252 1114 6669y
249 947 391 1052 γατέθετο
414 942 500 1010 αῦτά.

251 1027 380 1094 ’.Ἐπί
402 1030 435 1094 δέ
460 1032 624 1096 Θεοδοσίου
645 1035 701 1096 τοῦ
721 1037 833 1115 μικροῦ
852 1031 1011 1116 γέγονεν
990 1059 1010 1115 η
1025 1035 1109 1117 τρίτη
1125 1032 1256 1115 σόυοδος

148 1117 182 1226 ἐν
201 1057 335 1224 Ἐφέσῳ,
361 1122 422 1179 τάν
443 1113 469 1180 ν’
488 1116 588 1224 άγίιον
603 1117 755 1225 πατέρωγ,
777 1119 827 1182 ἐπί
846 1117 1051 1267 καθαιρέσεως
1071 1125 1256 1227 Νεστορίου·

147 1200 201 1267 τόν
229 1200 286 1286 γάρ
298 1181 448 1302 Χριστόν
475 1203 526 1266 καλ
547 1197 638 1277 αῦτδς
657 1201 751 1283 ψιλόν
762 1202 940 1310 άγθρωπυν
961 1200 1038 1267 εἶναι
1059 1204 1255 1290 ἐβλασφήμει.

148 1291 180 1353 οἳ
200 1289 253 1351 καλ
274 1284 469 1362 συνελθόντες
487 1283 711 1370 ἀνεθεμάτισαν
729 1284 842 1367 αῦτόν,
862 1290 915 1354 καί
931 1292 1049 1364 τελείως
1067 1291 1232 1369 ἐδίδαξε
1198 1317 1256 1402 ττχν

148 1371 311 1437 α’θόλωτον
339 1373 390 1436 καί
418 1375 565 1456 εἰλικρινῆ
587 1399 639 1437 και
660 1378 775 1439 τελείαν
794 1371 889 1440 ταδ’
868 1369 1032 1460 υμόμητον
1051 1378 1169 1456 πίστιν,
1197 1377 1255 1462 τήν

146 1459 181 1524 ἐν
201 1455 300 1562 τριάδι
321 1455 450 1538 θεότητα
470 1459 666 1541 ῦμνουμένην
687 1456 742 1524 αἐί.

233 1540 269 1607 6'.
309 1539 378 1607 Ἐπλ
406 1543 439 1608 δέ
464 1551 651 1630 Μαρκιανοῦ
670 1547 723 1609 καλ
746 1539 1003 1610 Οῦαλεντινιανοῦ
1022 1542 1187 1627 γέγονεν’
1164 1572 1184 1627 η
1206 1569 1255 1610 τε-

145 1625 238 1710 τάρτη
266 1625 411 1707 σῦνοδος,
441 1629 521 1736 666
544 1630 733 1712 Χαλκηδόνι,
760 1637 822 1695 τοῖν
842 1629 885 1712 χλ’
908 1630 1002 1712 σίγλων
1023 1630 1175 1733 πατέρων,
1205 1633 1255 1696 ἐπὶ

144 1716 279 1819 Λέοντος
298 1711 384 1779 πάπα
400 1713 514 1819 Ριγίμης
531 1717 584 1780 και
600 1713 775 1781 Ἀνατολίου
795 1712 1155 1826 Κωνγταντινυεγπόλεως,
1177 1715 1254 1782 κατά

146 1796 316 1910 Διοσκόρου
331 1799 514 1908 πατριάρχου
527 1797 749 1906 Ἀλεξανδρείας
762 1827 814 1865 κυι
803 1797 990 1912 Εῦτιγχοῦς
1000 1795 1253 1906 άρχιμανδρίτον·

145 1878 231 1950 οῦτοι
258 1884 315 1969 γάρ
343 1884 401 1967 τὴν
428 1883 688 2036 ἐνανθροόπνγσιν
686 1893 742 1952 τοῦ
762 1887 914 1968 κυρίου*
880 1893 980 1993 ημῦν
1000 1881 1099 1988 Ἰησοῦ
1121 1892 1254 1970 Χριστοῦ

144 1977 336 2078 παρῃτοῦντο
355 1972 407 2034 καί
428 1973 460 2036 ἐν
482 1976 634 2060 φαντασία
652 1971 709 2056 τήν
730 1971 827 2079 σάρκα
848 1966 945 2036 ου’τοῦ
965 1968 1183 2082 ἐμυθολόγουν

255 2051 372 2120 .Ἐιτλ
402 2055 435 2120 δὲ
462 2036 676 2122 Ἰουστινιανοῦ
704 2064 761 2122 τοῦ
790 2054 921 2141 μεγάλου
947 2058 1070 2140 γέγονεν
1092 2083 1112 2139 η
1106 2057 1252 2164 ’πέμπτη

143 2081 275 2218 σῦνοδος
295 2143 328 2206 ἐν
349 2141 682 2252 Κωνσταντιγουπόλεε,
705 2147 736 2208 ολ
752 2145 804 2208 καί
821 2149 968 2207 καθεῖλον
988 2141 1146 2250 Ὠριγίνχν
1164 2138 1254 2208 Εῦά·

142 2251 230 2334 γριον
255 2227 307 2290 καί
328 2230 467 2308 Δίδυμον
487 2227 559 2304 τοῦς
579 2226 797 2334 παράφρονας·
832 2228 869 2292 τά
889 2226 946 2311 γάρ
965 2223 1088 2336 στόματα
1105 2227 1194 2309 ἡμῶν
1208 2226 1251 2309 μή

143 2307 326 2376 άνίστασθαι
348 2312 564 2422 ἐδυσφόρουν,
591 2316 644 2378 καί
665 2310 852 2424 παράδεισον
873 2311 1023 2422 αἰσθκγτόν
1044 2338 1087 2393 μη
1080 2309 1252 2394 γενέσθαι

140 2394 205 2461 ῦπό
236 2403 294 2464 τοῦ
321 2404 401 2464 θεοῦ
429 2397 504 2481 μήτε
533 2397 626 2477 εἶναι,
659 2399 711 2464 καλ
738 2400 773 2463 ἐν
802 2399 890 2480 σαρκλ
919 2396 963 2480 66
990 2403 1166 2477 πλασθῆναι
1195 2403 1253 2463 τοῦ

139 2477 248 2589 Ἀδάμ,
277 2484 331 2546 καί
358 2484 441 2560 τέλος
469 2481 547 2549 εἶναι
572 2491 628 2566 τῆς
651 2481 821 2562 κολάσεως,
844 2484 896 2549 καί
916 2485 1064 2567 δαίμονας
1085 2483 1186 2548 ἐλθεῖν
1208 2485 1253 2560 είς

139 2566 196 2652 666
217 2564 698 2798 υἱςςκἶίίλίίτλαπδδκοιλίαίόάόῦῦάτίνου
723 2653 899 2757 Ἡρακλείου
928 2651 980 2716 καλ
1011 2654 1151 2736 Τιβερίου
1177 2653 1252 2718 υίοῦ

141 2732 237 2800 αάτοῦ
266 2737 396 2841 γέγονεν
415 2736 439 2818 6
467 2737 535 2842 έιιτχ
564 2734 711 2813 σύνοδος,
743 2744 805 2800 νῦν
827 2735 872 2817 ρν’
893 2735 993 2842 σίγλων
1011 2738 1166 2820 πατέρων,
1199 2738 1250 2802 ἐπλ

138 2817 319 2903 Ἀγάθωνος
353 2817 440 2884 πάπα
472 2819 602 2903 Ῥοίμης,
642 2819 718 2884 κατά
756 2819 863 2927 Κυρου
893 2816 1094 2928 Ἀλεξάνδρου
1120 2825 1249 2928 Σεργίου

142 2905 277 3014 Πέτρυγ,
307 2908 344 2969 ἐν
370 2907 490 2987 θέλημα
517 2907 550 2971 ἐν
579 2911 635 3012 μιᾷ
662 2907 794 3012 ἐνεργείᾳ
822 2903 873 2970 τόν
895 2903 1003 2988 κόριον
1019 2905 1112 3011 6666
1132 2902 1250 2983 Ἰησοῦν

142 2989 274 3071 Χριστόν
296 2992 388 3096 ἔχειν,
409 2993 460 3054 καί
482 2989 709 3095 μετασάρκωσιν
729 2989 781 3056 τόν
802 2986 974 3070 σῦνδεσμον
993 2994 1049 3068 τῆς
1067 2985 1250 3070 ν’ρθοδυξίας

140 3077 281 3140 διαλῦσαι
307 3073 493 3159 θελήσαντες
523 3079 555 3142 oi
581 3073 788 3186 παράφρονες.
831 3081 970 3184 σνγῆσαν
1000 3073 1034 3138 66
1064 3071 1167 3151 αότυῖς
1195 3077 1250 3140 καί

140 3159 358 3269 M666‘9609‘
338 3187 356 3227 ο
387 3162 558 3246 νομοθέτης
587 3159 770 3246 Ἀντινχείας
798 3160 850 3226 καλ
877 3156 1030 3246 Ἰσίδωρος
1059 3160 1078 3226 6
1106 3159 1248 3246 μαθητής

138 3242 246 3312 αὐτοῦ.

225 3330 258 3408 ζ’.
300 3326 367 3394 Ἐκτλ
389 3329 488 3396 δέί
443 3335 488 3398 Εί
487 3328 583 3441 ρήνης
603 3337 674 3437 τῆςκ
675 3327 786 3414 μνγτρδς
803 3332 1037 3438 Κωγσταντίνου
1055 3333 1112 3396 τοῦ
1129 3337 1249 3411 τυφλοῦ

137 3417 301 3504 γίγννενη
294 3411 439 3522 ’ἑβδόμη
462 3418 609 3495 σόνοδος,
630 3423 692 3482 τοῖν
702 3417 809 3522 άγίων
830 3441 867 3498 τη
868 3413 1049 3497 ’πατέρων,
1071 3417 1122 3482 ἐπι
1147 3424 1247 3499 Ταρα-

138 3509 207 3569 σίου
229 3499 413 3611 πατριάρχου
436 3498 800 3610 Κωυσταχτινουπόλεως,
833 3502 882 3566 ἐπλ
904 3501 1110 3586 καθαιρέσεως
1134 3505 1246 3568 Θεοδο-

138 3594 230 3698 σίου,
242 3614 304 3673 παρ
307 3583 386 3664 ὀίς
406 3586 585 3666 ἐξέθεντο”
567 3613 636 3696 οροι
656 3591 792 3663 πίστεως

221 3669 290 3738 'Emi
319 3672 352 3738 δέ
381 3673 541 3786 Θεσδοίρογς
569 3670 663 3739 αότοῦ
688 3679 745 3755 τῆς
766 3669 839 3755 μετά
859 3668 913 3780 τόν
932 3669 1071 3737 θάνατον
1093 3673 1244 3752 Θεοφίλου

137 3765 195 3824 τοῦ
216 3755 328 3840 άνδρδς
350 3756 463 3843 αὐτῆς,
485 3760 542 3826 σῦν
560 3756 700 3867 Μιχαηλ
707 3784 748 3842 τῳ
737 3759 830 3844 υἱῷ
851 3752 945 3862 66669
965 3756 1131 3841 γέγονεν
1107 3785 1128 3838 η
1151 3754 1244 3822 σῦνο-

138 3847 193 3947 669
215 3846 248 3910 ἐν
270 3843 586 3913 Κωνσταντινυυπόλει
605 3851 660 3929 τῆς
682 3822 926 3928 όρῦοδοξίας,”
903 3867 1003 3929 ητις
991 3842 1133 3909 άδετντ“
1115 3867 1171 3918 εως
1189 3847 1244 3924 τῆς

136 3926 280 4012 σήμερον.
321 3934 425 3994 Lm.

222 4037 253 4096 p.
275 4020 315 4079 71
337 4039 367 4077 v.
390 4021 421 4085 5.
464 4038 519 4098 per
543 4009 689 4079 παλάτιον
714 4012 853 4096 μέγιστον
880 4013 931 4074 hic
955 4016 1136 4092 intelligitur
1155 4012 1243 4092 pala-

136 4104 216 4161 tium
235 4105 439 4181 imperatoris,
463 4101 545 4205 qu6d
566 4104 668 4162 statim
684 4112 790 4182 postea
807 4111 891 4160 vocat
907 4123 943 4162 τα
935 4097 1106 4182 βασίλεια.
1138 4100 1241 4158 Lm

221 4207 252 4267 p·
275 4190 316 4252 73
338 4207 368 4247 ε.
391 4186 442 4254 14.
483 4183 609 4273 γάστριν
640 4189 690 4247 vel
720 4185 859 4270 γαστέρια
889 4185 940 4246 hic
968 4185 1138 4264 significant
1166 4203 1242 4244 ναεα

136 4283 276 4334 ventrosa
297 4282 326 4332 et
340 4275 465 4351 ματαίας
490 4273 659 4336 cuiusmodi
680 4285 752 4336 sunt
771 4276 804 4332 in
826 4273 935 4355 quibus
956 4269 1132 4330 arbusculae
1153 4271 1240 4330 flores
