2814 4608
196 215 272 290 218
503 213 680 284 effluesu
704 215 762 282 ΕΤ
787 213 990 284 LAMBEGII

193 397 376 460 advocarunt
401 395 526 456 cultores
550 399 612 468 eui,
641 396 784 478 qualibus
802 399 945 458 mactem
964 397 998 456 irs
1015 398 1188 477 quempiam
1208 399 1298 458 iocre-

193 487 278 556 lutis,
306 504 376 544 cuns
402 484 479 541 inter
498 482 631 542 lscmircee
651 486 775 555 viveret,
804 503 893 543 auree
914 481 1066 542 clauderet
1085 504 1203 562 esseque
1223 485 1298 546 ersb-

193 571 330 631 traleeret.
372 569 447 628 item
468 570 582 627 Seneca
603 567 780 645 apotheosin
799 567 919 628 Gleudii
939 588 1097 644 enarrans,
1118 569 1211 628 crille
1226 573 1299 650 qni-

193 655 275 727 dem,
306 657 363 731 eit,
394 656 529 712 unicium
557 652 688 726 ebulliit,
718 665 748 714 et
773 674 806 714 eo
830 654 918 714 deerit
937 655 1037 713 vivere
1055 653 1168 728 videri3
1204 666 1298 736 atque

192 743 283 822 penlo
310 749 379 821 post
402 739 572 818 subiungit:
603 738 712 800 uiuum
732 761 790 800 cos
810 741 873 800 circe
892 738 967 802 haec
987 741 1063 798 inter
1082 739 1216 798 ioannes
1237 763 1298 800 are·

192 829 258 888 driu
279 837 329 888 eet.
372 826 465 886 etiem
485 826 587 886 Cicero
609 827 735 886 Tuscnl.
757 832 790 892 1:
817 824 906 896 abrit,
925 827 1041 906 inquit,
1062 827 1106 884 ad
1125 825 1194 884 deos
1211 828 1297 884 Hera

191 913 283 972 calca
327 931 484 991 nunquam
509 909 644 982 obimset,
672 913 745 984 osai,
772 932 841 972 cuns
862 913 940 970 ister
959 909 1092 970 hormines
1114 921 1199 982 meet,
1229 932 1296 972 eum

191 997 250 1058 eibi
269 1000 352 1058 vrum
370 999 553 1060 munivisset.
595 999 700 1060 Iesus.

275 1104 306 1163 p·
327 1084 368 1146 13
389 1102 419 1149 v.
440 1081 471 1146 ὃ.
513 1075 582 1144 itt’
610 1079 792 1146 ίπαναατίον
818 1079 874 1144 cdv
900 1074 1007 1164 λόγον]
1038 1100 1117 1161 quae
1139 1080 1294 1163 hucusque

191 1167 325 1230 (iodinns
355 1169 487 1228 narrerit
516 1166 554 1226 de
583 1168 748 1246 originibus
777 1167 931 1247 Byzantii,
963 1165 1072 1228 eedem
1101 1165 1141 1228 ad
1169 1169 1295 1228 verbnm

190 1265 262 1315 eunt
289 1273 366 1336 quae
393 1255 427 1312 in
455 1254 664 1334 antiquissimo
692 1251 794 1314 codice
819 1254 959 1313 Peletino
986 1251 1187 1312 bibliothecee
1207 1256 1294 1315 Vati·

191 1359 283 1400 canae
312 1339 460 1399 habentur
486 1359 558 1399 cum
583 1337 642 1400 hoc
668 1340 772 1418 titulo,
805 1333 925 1422 Hdspsu
945 1335 1294 1414 Kossoscessvonrsilenr

189 1423 266 1490 susci
285 1420 424 1506 Ἡσόχιον
444 1419 640 1506 ίίίούατριον.
684 1427 788 1492 nene.

273 1532 304 1592 p.
327 1512 367 1575 13
388 1531 418 1576 v.
438 1512 469 1574 6.
512 1504 643 1584 decade
662 1509 695 1574 is
713 1507 825 1592 Ῥοίμης
843 1509 998 1590 Σεβῆρος]
1018 1521 1120 1572 totum
1136 1508 1195 1570 hcc
1211 1510 1293 1591 qnod

188 1597 338 1677 seqnitur,
361 1593 399 1655 de
418 1597 660 1657 reconciliatione
680 1599 785 1656 Severi
805 1607 836 1656 et
855 1597 956 1675 Nigri,
977 1597 1067 1658 suile
1086 1606 1132 1657 est
1150 1607 1180 1656 et
1194 1617 1293 1676 nnga-

189 1685 311 1743 torinm.
356 1679 515 1742 confundit
551 1684 632 1742 enim
668 1683 809 1742 Severum
838 1683 1051 1761 imperatorem
1083 1701 1151 1744 enm
1180 1684 1293 1742 Severo

188 1769 366 1844 Aureliano,
388 1786 481 1848 quem
499 1768 603 1828 Aelius
624 1767 800 1847 Spartianus
820 1769 912 1828 refert
931 1766 1008 1828 filies
1031 1788 1097 1830 euos
1116 1769 1202 1845 Nigri
1219 1769 1293 1828 liliis

189 1851 395 1933 despondisse.
437 1852 492 1912 esd
524 1853 663 1932 decepuse
695 1864 751 1923 eet,
783 1853 894 1934 inquis,
928 1850 989 1930 (sc.
1017 1851 1125 1933 Niger)
1155 1853 1294 1914 masiliis

192 1940 297 1999 Severi
319 1938 499 2010 Aureliani,
525 1941 580 2018 qui
595 1939 687 2015 filius
712 1959 784 1998 sune
810 1940 872 1996 siue
888 1935 971 2012 fitne
992 1937 1172 2018 deepondens
1188 1941 1294 2015 perei-

188 2036 263 2084 etere
283 2045 351 2084 enm
364 2025 444 2105 fecit
462 2026 496 2082 irs
512 2026 645 2104 imperio.
686 2026 887 2086 Pescennium
904 2025 1033 2102 Nigrum
1050 2025 1177 2086 Timesii
1192 2023 1294 2083 filium

187 2111 282 2170 iecisse
302 2129 393 2189 supra
414 2108 528 2190 duplici
550 2120 726 2189 argumento
747 2111 893 2183 refutavi,
912 2109 1029 2170 scilicet
1050 2109 1191 2174 distantia
1210 2120 1294 2170 tem-

188 2214 296 2274 porum
317 2195 426 2274 quibus
446 2197 604 2270 vixerunt,
630 2207 661 2255 et
681 2197 856 2258 auctoritate
876 2197 1029 2274 Spartieni
1048 2197 1219 2274 erutonis,
1240 2198 1294 2276 qui

187 2283 289 2358 ipsum
308 2279 419 2338 [telum
438 2280 533 2340 fuisse
555 2284 655 2355 munt,
676 2292 706 2342 et
723 2293 841 2360 petrem
858 2283 982 2342 Annum
996 2283 1143 2359 Fuscum,
1164 2293 1295 2342 matrem

187 2362 393 2442 Lampridium
420 2361 572 2424 habuisse.
615 2363 669 2426 sed
698 2383 768 2428 oum
797 2369 916 2443 omnis,
946 2365 1024 2450 qeine
1051 2367 1103 2428 hic
1130 2387 1149 2428 e
1176 2367 1293 2432 celino

189 2449 228 2510 de
248 2450 414 2510 Pescennio
432 2451 526 2526 Nigro
547 2460 578 2510 et
599 2449 712 2513 Severo
732 2463 903 2528 narrentur,
925 2454 1072 2516 firtilitstis
1089 2473 1292 2534 summaeque

186 2538 319 2595 levitatis
346 2536 438 2614 plena
464 2536 540 2609 sint,
570 2535 642 2596 inde
670 2537 743 2598 setis
771 2539 885 2618 absque
913 2540 974 2600 alio
995 2548 1168 2618 ergurnento
1190 2541 1295 2620 liquet

187 2639 280 2702 quem
309 2617 401 2678 fidem
428 2629 600 2680 mereantur
628 2641 706 2702 quae
735 2615 773 2684 de
800 2625 936 2685 Timesio
965 2627 1048 2705 Nigri
1070 2636 1171 2706 putre,
1201 2645 1294 2685 nun·

187 2724 280 2788 quem
300 2705 374 2764 alibi
391 2707 485 2780 lecte,
506 2705 651 2768 hocloco
672 2709 772 2776 refert.
813 2712 917 2774 Line.

271 2811 301 2872 p·
324 2791 364 2855 13
385 2811 414 2852 v.
438 2793 488 2858 10.
532 2788 746 2875 Μακεδόνων]
781 2794 900 2856 videtur
933 2797 1019 2878 loqui
1050 2794 1088 2856 de
1118 2797 1291 2875 legionibus

185 2875 404 2954 Macedonicis,
438 2877 547 2959 quibus
577 2880 706 2941 Severus
734 2884 896 2961 imperator
923 2880 963 2943 ed
988 2883 1163 2963 Byzantium
1189 2901 1290 2962 expu-

186 2961 343 3044 gnandum
364 2983 436 3024 usus
458 2973 513 3025 est.
554 2966 658 3030 Lenes.

185 3150 255 3190 rum
270 3047 841 3197 Ruidliaiiuffimiifisgddritidtwoii
870 3049 1165 3198 iterufflucpnfuudit
1192 3055 1289 3113 seve-

277 3175 278 3178 ,
779 3159 810 3197 er
842 3159 902 3198 ose.
1042 3183 1049 3199 .

269 3239 301 3297 p·
323 3216 364 3280 14
387 3238 417 3277 v·
439 3221 469 3284 6.
514 3220 663 3299 Mndsxov'
689 3158 802 3302 noodr]
840 3225 909 3304 quis
940 3221 989 3284 hie
1019 3223 1155 3284 Medicus
1184 3222 1287 3302 ignis‘l

185 3301 394 3380 queerendum
415 3313 469 3364 est.
510 3307 632 3366 invenio
653 3309 745 3368 etiem
765 3311 941 3370 Pomaicum
961 3309 1044 3390 apud
1063 3311 1232 3373 Diaconum
1251 3311 1288 3368 in

183 3388 286 3455 Leone
307 3399 337 3446 et
355 3387 519 3468 Michaele‚
547 3409 638 3470 quem
658 3395 770 3472 pariter
789 3397 904 3474 ignoro.
933 3398 1055 3462 Munus.
1107 3397 1289 3476 perignem

184 3471 336 3533 Medicum
358 3473 446 3535 credo
467 3476 698 3555 intelligendum
718 3477 900 3559 nephthum,
921 3499 1014 3562 quem
1032 3479 1183 3544 Nicander
1198 3491 1289 3540 vocet

183 3553 218 3620 ro*
248 3559 389 3638 Μηδείας
417 3562 584 3641 Κοίχηίδος
612 3561 778 3643 ἒχθόμενοα
805 3569 881 3648 πῦρ,
910 3569 981 3648 quia
1007 3585 1148 3647 sponsam
1169 3567 1288 3625 insonis

183 3641 239 3702 hoc
259 3646 330 3723 igne
353 3665 370 3702 a
390 3645 496 3706 Medea
519 3658 680 3708 crematam
698 3651 813 3728 lerunt,
834 3662 910 3712 teste
927 3654 1027 3713 Plinio
1044 3657 1065 3717 2
1096 3651 1167 3716 105.
1210 3653 1289 3711 alies

183 3730 292 3792 Greeoi
312 3731 467 3810 appellant
488 3730 588 3796 ίίαιον
610 3736 764 3814 Μηδείας,
785 3747 819 3798 nt
840 3737 930 3798 refert
949 3740 1112 3817 Procopius
1129 3735 1234 3800 unuh.
1249 3734 1288 3800 4:

182 3809 289 3897 οἷηγεῖα
323 3817 414 3880 θείου
448 3841 480 3882 τε
513 3817 565 3880 καί
597 3813 755 3898 αἀφοίίτοα
781 3817 1004 3904 ίμαίησοίμεαοι
1030 3823 1082 3885 sui
1108 3817 1290 3905 φαρμάκου,

181 3895 258 3983 ὅπερ
282 3903 390 3980 Μῆδοι
410 3899 466 3982 μὲν
486 3901 616 3982 νάφθαν
635 3903 948 3990 καλοῦσιν,Ἕίίηνες
965 3906 999 3972 δὲ
1017 3909 1159 3988 Μηδείας
1174 3907 1288 3970 ἔλαιον.

181 3985 238 4044 sed
262 3985 340 4046 forte
362 3985 442 4064 apud
462 3991 643 4068 Procopium
663 4013 716 4071 pro
740 3994 880 4072 Μηδείας
900 3997 1044 4076 scriptum
1064 3996 1122 4054 tuit
1144 3995 1288 4072 Μηδίας,

183 4069 217 4130 id
245 4083 291 4132 est
317 4069 435 4130 Mediae
463 4075 602 4149 regionis.
645 4079 688 4136 ite
716 4080 891 4140 Ammianus
919 4082 1113 4141 Marcellinus
1138 4081 1161 4142 1.
1182 4081 1228 4142 23
1257 4089 1289 4138 et

184 4154 417 4221 salinarem
444 4157 545 4215 oleum
571 4159 722 4222 Medicum
746 4177 936 4246 nuncupent,
968 4177 999 4226 et
1024 4175 1112 4226 vetus
1139 4162 1292 4225 Nicandri

184 4235 359 4304 scholiastes
393 4239 554 4324 nipparene
589 4243 750 4327 Μηδικόν,
786 4259 816 4310 et
848 4261 950 4312 noster
983 4261 1087 4312 auctor
1119 4248 1180 4312 hoc
1217 4251 1292 4310 loco
