2802 4636
198 258 249 330 48
537 255 756 324 GEORGIUS
782 254 971 324 CODINUS

198 447 234 514 δέ
256 442 375 532 ἐκλήθη
397 441 602 532 Πολόονόρος
625 443 679 510 διὰ
702 443 738 512 τὸ
764 441 927 534 ἀμφότερα
949 443 990 510 τά
1010 445 1090 534 μίρη
1114 446 1210 512 ἐκεῖσε
1233 442 1310 514 ἕνω-

196 555 305 635 θῆναι.
355 547 388 614 αἱ
404 549 439 614 δὲ
455 551 559 614 λοιπαὶ
575 555 685 634 στῆλαι
702 547 735 614 αἶ
753 545 910 632 ἱστάμεναι
928 550 971 627 είς
986 549 1042 634 τὴν
1054 551 1203 636 χρυσείαν
1214 549 1310 636 ἥκασι

197 655 284 742 παρὰ
308 653 436 740 Βιγλίου
461 649 636 739 άσηκρῆτου
659 655 710 718 καλ
734 650 945 738 ἀστρονόμον,
969 654 1049 738 μετὰ
1064 660 1120 739 τῆς
1135 658 1309 740 γυναικείας

196 765 252 843 τῆς
274 753 461 841 κατεχούσης
476 757 530 823 τὸν
546 757 696 845 στέφανον
713 757 756 834 είς
772 754 867 822 τόπον
883 761 938 841 τῆς
954 755 1081 836 πόλεως.
1131 756 1256 825 άνωθεν
1275 761 1309 826 δι’

108 875 129 927 Ρ
145 871 180 930 17
198 865 249 930 καλ
272 857 414 928 κάτωθεν
435 863 493 928 είσί
509 863 562 926 καὶ
578 860 670 926 λοιπά
685 859 781 946 μικρά
798 857 911 942 ξόανα,
937 857 1026 930 ἅτινα
1041 864 1226 947 σημαίνουσι
1243 873 1329 942 τοῖςῖ

196 965 424 1054 πεπειραμένοις
440 964 554 1052 ἀκριβῆ
570 963 686 1049 πολλὴν
702 970 824 1050 γνῶσιν.

301 1068 348 1134 Τό
377 1066 565 1152 καλούμενον
587 1065 777 1154 Στρατηγιον
799 1062 896 1152 στήλη
920 1067 1002 1134 ἐστὶν
1025 1063 1227 1154 Ἀλεξάνδρου
1250 1074 1307 1136 τοῦ
1380 1073 1381 1126 ἶ

196 1170 397 1252 Μακεδόνος,
421 1169 441 1258 ἦ
461 1174 492 1238 ἐν
510 1179 554 1260 τῷ
569 1169 693 1260 μεγάλῳ
710 1173 786 1238 κίονι
804 1167 959 1255 ἴσταμίνη.
1009 1172 1060 1236 καὶ
1073 1171 1181 1238 ἵστατο
1199 1170 1306 1259 πρώην

197 1281 239 1354 εἷς
264 1275 319 1360 τὴν
344 1272 561 1364 Χρυσόπολιν,
602 1274 649 1342 ὅτι
675 1274 729 1342 τὸν
753 1275 885 1364 στρατὸν
909 1275 1005 1340 αὐτοῦ
1028 1275 1121 1341 ἐκεῖσε
1144 1272 1305 1363 ἐρράγευσε

196 1384 306 1464 διπλῆν
328 1377 422 1467 ῥόγαν
445 1379 497 1446 τὸν
516 1380 568 1445 ἵνα
580 1378 711 1466 χρόνον·
735 1381 787 1444 καί
810 1379 863 1446 διὰ
878 1385 968 1445 τοῦτο
986 1375 1157 1464 ὠνομάσθη
1173 1377 1341 1468 Χρυσό-Ιο

196 1489 285 1562 πολις
300 1483 384 1570 παρὰ
401 1490 462 1550 τῶν
478 1481 681 1580 Μακιιξόνων.
732 1482 767 1550 τὸ
785 1485 819 1548 δὲ
833 1479 1022 1572 Στρατήγιον
1035 1481 1206 1566 ὠνομάσθη
1220 1485 1306 1572 παρά

196 1595 252 1654 τοῦ
270 1594 357 1654 λαοῦ.
404 1591 513 1656 λ’στατο
531 1589 582 1668 όέ,
608 1584 651 1664 ὠς
668 1586 802 1674 εἴρηται,
826 1583 958 1670 ἡστήλη
972 1589 1014 1662 είς
1026 1587 1082 1670 τὴν
1094 1584 1305 1674 Χρυσόπολιν,

197 1689 241 1770 ὠς
266 1690 428 1779 ὠνήνειραν
453 1691 547 1777 αὐτὴν
572 1691 601 1757 οἳ
625 1693 709 1770 λαοί,
757 1687 866 1778 ρόνους
888 1687 1064 1768 ἑξακοσίους
1079 1687 1307 1777 τεσσαράκοντα

195 1792 287 1862 ὄκτώ.
337 1792 355 1862 ὃ
386 1797 420 1861 δὲ
450 1797 546 1881 μίγας
573 1797 805 1872 Κιανοτανιῖνος
829 1793 947 1882 ἤγειρεν
972 1793 1069 1876 αὐτὴν
1093 1795 1125 1859 ἐν
1146 1801 1186 1881 τῇ
1208 1792 1305 1862 πόλει.

104 1927 107 1934 ·
197 1901 290 1966 ἐκεῖσε
315 1900 348 1965 δέ
369 1897 620 1984 ἐπεόοιιιμάζοντο
643 1900 673 1964 οἳ
695 1904 897 1986 στρατιῶται,
923 1895 970 1964 ὅτι
992 1899 1096 1964 πεδίον
1112 1889 1150 1984 ἦν
1166 1895 1183 1964 ὅ
1201 1897 1340 1978 τόπος.15

157 2011 181 2064 Β
199 2003 232 2070 ἐκ
249 2005 283 2069 δὲ
298 2009 355 2070 τοῦ
370 2011 503 2091 στρατοῦ
520 2001 691 2088 ὠνομάσθη
708 1998 907 2090 Στρατηγιον.

300 2106 347 2172 Td
372 2108 406 2172 da*
427 2106 596 2190 μονόλιθον
618 2106 654 2174 τὸ
680 2104 840 2190 ἱστάμενον
864 2108 959 2172 ἐκεῖσε
982 2099 1166 2188 ἃπόκλασμα
1188 2095 1226 2192 ἦν
1248 2110 1305 2172 τοῦ

196 2210 359 2292 ἱσταμίνου
382 2212 425 2285 είς
446 2210 481 2275 τὸ
506 2207 642 2288 ἱππικόν,
667 2203 721 2293 ἧκε
745 2211 780 2274 δὲ
804 2209 864 2276 άπὸ
882 2216 943 2276 τών
955 2207 1095 2294 Ἀθηνῶν
1111 2209 1196 2298 παρὰ
1212 2206 1305 2298 Πρό-

196 2317 271 2378 κλου
288 2313 447 2397 πατρικίου
466 2314 498 2376 ἐν
514 2323 578 2390 τοῖς
590 2308 715 2398 χρόνοις
730 2320 785 2378 τοῦ
801 2319 914 2400 μικροῦ
933 2312 1112 2379 Θεοδοσίου.

293 2411 414 2480 “Iuncto
433 2415 466 2480 δὲ
484 2417 527 2493 είς
542 2413 577 2480 τὸ
595 2413 670 2481 αὐτὸ
688 2414 879 2504 Στρατήγιον
894 2418 946 2482 καὶ
962 2412 979 2482 ὅ
997 2417 1137 2504 τρίπους,
1162 2410 1239 2496 ἐχων
1261 2411 1340 2481 τάνυ

196 2515 401 2608 παρῳχηκότα
424 2517 462 2584 τά
482 2520 629 2586 ἐνεστῶτα
646 2519 753 2586 καὶτὰ
769 2521 918 2604 μέλλοντα
935 2518 1078 2600 ἐσεσθαι,
1104 2520 1154 2584 καὶ
1171 2513 1188 2584 ὃ
1205 2515 1306 2594 νότιος

264 2683 282 2737 3
299 2677 430 2748 Bryalion
447 2679 702 2751 πρωκοασηκρήτου
720 2682 753 2736 C.
868 2683 887 2738 4
904 2681 953 2749 mie
969 2683 1014 2752 κ.]
1035 2681 1085 2750 τῆς
1103 2677 1210 2746 ἔξωθεν
1226 2675 1304 2733 [στα.

262 2746 348 2820 μένης
364 2748 412 2802 καλ
429 2768 455 2802 κ.
473 2751 506 2804 0.
592 2747 723 2820 άνιοθεν]
741 2752 833 2823 pult
850 2753 901 2805 ima
917 2755 1008 2806 Grets.
1097 2750 1206 2822 ’ἐρλὸ
1217 2751 1302 2802 Band.

263 2840 292 2892 ρ.
309 2817 361 2876 277
379 2837 476 2876 summa
495 2824 588 2876 Grets.
717 2823 735 2874 8
752 2823 865 2887 πρῶτον
882 2823 915 2876 C.
1044 2819 1077 2874 13
1096 2815 1133 2880 ὠς
1149 2814 1302 2888 α’νήγειραν

263 2882 369 2958 αὐτὴν]
390 2883 426 2960 ἣν
445 2886 596 2959 άνήνειραυ
613 2893 675 2946 Vat·
771 2895 805 2948 14
824 2887 921 2959 ἔφερεν
939 2893 973 2944 C.
1068 2892 1101 2944 16
1119 2886 1149 2942 ἐκ
1166 2919 1203 2930 ·-
1218 2905 1302 2955 στρα-

262 2956 375 3028 τήγιον]
401 2961 466 3013 haec
488 2979 568 3032 supra
594 2970 655 3032 post
679 2957 730 3013 ἕνα
752 2960 855 3029 χρόνον
878 2962 916 3027 Β,
945 2959 1047 3014 omissis
1070 2953 1103 3013 τό
1128 2955 1161 3012 dd
1182 2955 1301 3026 στρατη·
1382 3019 1383 3024 ¹

261 3045 325 3096 μου
341 3059 374 3068 -
393 3031 474 3084 λαοῦ.
562 3031 595 3086 17
613 3029 786 3100 ρ.2811ααι1.
874 3025 1025 3116 άπόκομμα
1043 3029 1078 3083 G.
1166 3028 1200 3084 18
1217 3025 1303 3081 ίππο»
1382 3035 1383 3102 J

262 3095 380 3164 δρόμιον
396 3098 429 3154 0.
504 3099 720 3170 maamad.
798 3095 839 3161 εἰς
855 3095 905 3155 τὸν
922 3094 1010 3153 adcon
1026 3095 1116 3152 τόπον
1131 3092 1164 3150 τό
1179 3099 1249 3166 Στρ.
1266 3099 1299 3151 C.
1382 3119 1383 3182 j

193 3237 296 3288 statuas
320 3230 349 3286 iir
372 3241 453 3303 porta
475 3251 556 3288 aurea
580 3236 672 3305 posuit
695 3235 811 3305 Vigilius
833 3255 849 3290 a
871 3237 983 3291 secretis
1008 3244 1035 3291 et
1052 3243 1235 3302 astronomum
1262 3235 1302 3288 uti

194 3305 274 3356 etiam
296 3311 411 3357 statuam
435 3305 587 3358 muliebrem
611 3314 776 3373 coronatam,
804 3325 873 3376 quae
889 3307 963 3361 urbis
980 3307 1091 3376 figuram
1109 3307 1205 3358 refert.
1241 3315 1303 3358 suunt

193 3379 332 3442 praeterea
353 3390 435 3440 supra
458 3384 487 3427 et
510 3375 581 3428 inira
603 3375 654 3428 alia
672 3376 800 3446 quaedam
816 3394 899 3447 parva
916 3378 1071 3446 simulacra,
1098 3393 1167 3447 quae
1185 3375 1244 3428 eius
1261 3374 1301 3427 rei

191 3441 287 3515 peritis
304 3459 420 3509 magnam
435 3445 565 3513 praebent
581 3444 728 3498 scientiam.

296 3510 394 3564 Statua
417 3512 444 3565 iu
466 3512 604 3582 Strategio
628 3532 710 3583 supra
734 3531 851 3584 magnam
877 3515 1018 3568 columnam
1044 3512 1135 3584 posita
1155 3512 1302 3566 Alexandri

191 3579 347 3634 Macedonis
364 3589 419 3647 est,
443 3599 511 3652 quae
529 3583 603 3653 prius
621 3583 780 3653 Chrysopoli
797 3583 888 3649 stetit,
907 3585 1030 3654 quoniam
1046 3583 1084 3636 ibi
1103 3583 1233 3636 exercitui
1250 3600 1300 3636 suo

192 3650 290 3718 duplex
313 3650 470 3720 stipendium
487 3669 539 3706 uno
557 3653 647 3706 eodem
664 3663 782 3723 tempore
799 3653 936 3721 erogavit3
961 3671 1043 3723 quare
1060 3653 1124 3706 illud
1142 3651 1265 3724 oppidum
1284 3669 1302 3704 a

189 3719 380 3773 Macedonibus
401 3721 577 3794 Chrysopolis
593 3723 750 3775 nominatum
768 3723 830 3774 fuit.
872 3723 947 3776 annis
964 3729 1050 3776 autem
1068 3721 1136 3790 648,
1161 3729 1301 3792 postquam

190 3789 257 3842 haec
280 3795 369 3843 statua
393 3791 554 3863 chrysopoli
570 3801 659 3845 crecta
674 3799 732 3859 est,
758 3791 861 3860 Cpolim
879 3809 935 3845 eam
951 3793 1088 3864 transponi
1106 3793 1210 3844 curavit
1228 3793 1302 3844 Con-

190 3857 324 3912 stantinus
345 3877 463 3928 magnus.
501 3879 547 3932 pro
567 3867 611 3914 ter
628 3861 760 3932 planitiem
778 3878 840 3912 vero
858 3862 911 3914 loci
927 3862 1024 3915 milites
1040 3863 1078 3914 ibi
1096 3861 1215 3914 exerceri
1231 3862 1302 3914 sole·

189 3931 270 3994 bant,
298 3929 366 3981 unde
384 3931 516 4000 Strategii
532 3947 590 3984 sive
608 3931 693 4000 campi
708 3931 828 3983 militaris
846 3947 861 3982 a
878 3931 960 3984 milite
977 3949 1071 3984 nomen
1089 3931 1203 4013 accepit.

294 3999 466 4052 Monolithum
483 4000 582 4053 ibidem
598 4001 711 4070 positum
728 4002 901 4067 fragmentum
920 4009 979 4053 erat
992 4001 1061 4054 illius
1074 4000 1145 4069 quod
1155 3999 1300 4069 mHippo-

189 4067 280 4187 grone
295 4077 369 4152 stet..
394 4070 499 4122 allatum
517 4077 602 4122 autem
620 4077 662 4122 est
674 4069 786 4122 Athenis
799 4069 920 4122 aProclo
931 4070 1060 4139 patricio,
1078 4077 1196 4140 tempore
1208 4068 1301 4123 Theo·

208 4153 256 4188 osn
272 4155 394 4192 rumons.

291 4209 321 4260 ln
345 4209 435 4262 codem
458 4207 593 4276 strategio
618 4205 760 4260 collocatus
782 4213 840 4259 erat
858 4206 973 4277 Tripos‚
1000 4207 1203 4276 praeteritarum
1219 4225 1299 4278 prae-

189 4273 303 4330 sentium
326 4283 356 4333 et
379 4281 526 4334 suturarum
550 4295 637 4332 rerum
659 4276 778 4330 notitiam
804 4275 954 4341 contineam
981 4275 1044 4330 item
1065 4276 1140 4346 polus
1164 4277 1299 4345 australis,
