2814 4608
188 245 262 320 248
494 246 672 316 MEURSII
696 247 754 312 ET
781 247 984 314 LAMBECII

187 441 326 492 mentum
354 429 537 504 oorincmm,
567 449 626 511 quo
656 429 836 510 plerumque
863 430 959 489 baiuli
985 440 1089 491 contra
1117 434 1295 510 gravitatem

187 519 287 579 oneris
308 515 467 576 humerum
488 517 587 576 solent
605 519 735 574 munire.
781 519 878 575 huin.

272 623 302 683 p.
320 599 362 666 49
385 621 411 664 τ.
434 603 483 666 19.
526 599 560 664 τδ
583 598 617 664 δὲ
637 600 800 681 στανρλον]
834 610 933 659 auant
963 603 1016 682 qui
1041 599 1118 660 hoec
1139 605 1232 662 verba
1253 608 1295 664 ita

186 692 420 768 interpretantur
457 707 492 746 ac
530 688 557 748 si
592 707 648 766 pro
683 683 716 749 τδ
752 688 895 767 στανρίον
929 687 1049 766 legatur
1081 683 1138 750 τόν
1171 694 1295 770 ταῦρον.

186 776 319 856 loquitur
347 774 428 832 anim
455 771 507 831 hic
534 771 666 832 eodinus
695 771 733 830 de
761 773 956 831 celeberrima
981 775 1036 832 illa
1062 792 1168 850 cruce,
1201 795 1295 856 quam

187 861 400 920 Constantinus
429 877 558 937 mugnus
586 856 627 916 ad
654 857 884 918 similitudinem
912 860 996 917 illius
1024 879 1116 939 quem
1146 863 1181 918 in
1210 865 1293 922 caelo

187 944 318 1022 videret,
350 964 440 1024 supra
469 943 642 1003 columnam
670 943 709 1003 cd
739 945 1004 1024 septentrionalem
1027 956 1146 1024 partem
1167 949 1217 1006 sui
1236 949 1293 1007 fori

187 1033 291 1090 erexit.
334 1032 448 1111 possim
478 1031 542 1089 eius
569 1031 684 1090 mentio
712 1031 747 1088 fit
775 1028 856 1110 apud
881 1031 1038 1109 scriptores
1065 1029 1211 1091 historiae
1234 1035 1292 1094 GP.

186 1115 242 1176 sed
263 1114 333 1174 vide
353 1117 492 1198 inprimis
514 1114 664 1178 codinum
685 1138 716 1196 p.
731 1116 773 1180 28
793 1137 825 1176 v.
842 1116 882 1178 19
898 1135 964 1198 sqq.
985 1127 1016 1175 et
1035 1137 1066 1196 p.
1083 1119 1125 1181 68
1148 1139 1177 1178 τ.
1192 1123 1292 1202 8sqq.

187 1205 285 1262 Laus.

270 1307 301 1367 p·
323 1283 363 1350 49
384 1306 415 1344 τ.
437 1287 489 1349 20.
531 1289 572 1370 τῇ
593 1279 674 1370 ον’λῇ
693 1289 731 1370 τῇ
751 1280 962 1370 λιθοστρώτῳ]
985 1288 1083 1349 sorum
1102 1289 1292 1349 Constantini

186 1375 291 1451 magni
319 1371 477 1450 scriptores
507 1374 626 1450 saepius
655 1393 710 1450 per
738 1372 952 1430 excellentiam
978 1385 1088 1432 vocent
1113 1370 1168 1436 τόν
1196 1370 1292 1455 φόρον

186 1459 236 1518 vel
265 1454 318 1520 τδν
349 1457 441 1541 μέγαν
469 1453 578 1538 φόρον.
623 1459 696 1515 alies
726 1458 880 1536 appellant
911 1453 965 1520 τόν
992 1456 1152 1522 πλακωτόν
1181 1457 1292 1540 φόρον,

186 1541 268 1622 quod
290 1543 387 1621 planis
409 1553 440 1600 et
460 1545 529 1600 latis
551 1539 702 1620 lapidibus
723 1553 849 1600 stratum
871 1556 965 1618 esset3
994 1547 1062 1622 vel,
1090 1556 1126 1605 ut
1147 1543 1206 1606 hoc
1227 1549 1292 1606 loco

185 1626 334 1702 (iodinus,
359 1637 535 1706 nuncupant
556 1625 612 1706 τὴν
634 1625 730 1708 αὐλήν
749 1623 807 1707 τήν
827 1623 1045 1712 λιθόστρωτον,
1070 1630 1166 1690 idest
1186 1633 1294 1691 onlnem

186 1713 340 1792 lapidibus
360 1724 496 1778 stratam.
538 1715 637 1772 Lm.

269 1819 298 1878 Ρ.
320 1799 362 1865 50
385 1818 414 1859 v.
436 1805 466 1865 2.
509 1793 547 1859 τὰ
580 1797 708 1878 τέσσαρα
741 1794 817 1879 μέρη
851 1809 940 1859 vocet
974 1812 1116 1880 quattuor
1143 1803 1292 1863 factiones

187 1881 280 1958 Circi,
312 1903 422 1964 nempe
453 1885 611 1943 Prasinam
640 1895 670 1941 et
698 1886 873 1956 Russatam,
906 1888 1056 1945 Venetam
1084 1901 1113 1948 et
1140 1890 1289 1965 Albetam,

188 1989 316 2050 quarum
349 1969 426 2030 sluaa
457 1972 571 2049 priores
604 1968 720 2028 duabus
751 1973 965 2050 posterioribus
996 1984 1083 2032 erunt
1114 1977 1289 2034 contrariae.

187 2058 230 2114 sio
259 2065 400 2136 quattuor
429 2055 553 2136 quidem
584 2066 668 2114 erant
696 2054 941 2116 diversicolores
964 2059 1150 2119 Circensium
1172 2063 1294 2140 aurige-

186 2161 272 2216 rum,
305 2141 360 2199 sed
382 2139 459 2199 duae
479 2152 599 2200 tautum
618 2141 782 2220 factiones,
813 2161 889 2224 quae
911 2144 970 2201 sibi
989 2146 1122 2204 invicem
1142 2167 1294 2226 repugna·

186 2226 276 2298 bant,
301 2228 373 2304 quie
389 2228 513 2284 Prasino
531 2237 562 2284 et
579 2229 722 2302 Basante,
745 2239 775 2286 et
797 2239 900 2287 contre
923 2231 1035 2288 Veneta
1057 2243 1087 2290 et
1108 2235 1218 2292 Albeta
1240 2256 1294 2314 pro

186 2328 246 2366 una
276 2319 305 2366 et
335 2308 443 2368 eedem
470 2311 702 2390 accipiebantur.
745 2313 913 2372 secundum
936 2313 1014 2374 hunc
1037 2317 1204 2378 factionum
1226 2323 1293 2379 Cir-

186 2395 322 2452 censium
349 2392 572 2454 distinctionem
596 2397 728 2474 populus
749 2418 870 2480 quoque
893 2403 1066 2481 Cpolitcuus
1086 2406 1118 2460 in
1143 2405 1217 2462 duas
1241 2406 1294 2464 di-

185 2483 268 2538 visus
298 2489 361 2538 erat
389 2490 507 2560 partes,
539 2499 668 2560 quarum
695 2501 756 2540 una
784 2487 910 2545 Prasino
939 2490 1028 2548 colori
1054 2489 1147 2546 altera
1172 2491 1294 2551 Veneto

184 2565 315 2625 favebat.
357 2567 522 2645 Procopius
542 2569 624 2624 Pers.
646 2569 664 2628 1
687 2567 719 2628 οἱ
736 2570 843 2648 δῆμοι,
865 2575 977 2674 inspuit,
998 2574 1029 2636 ἐν
1046 2578 1084 2655 τῇ
1103 2571 1189 2636 πόλει
1206 2573 1237 2647 ἔς
1256 2601 1294 2639 τε

185 2647 333 2724 Βενέτονς
362 2648 396 2714 ἔτι
423 2655 556 2720 παλαιοῦ
582 2649 636 2714 arci
663 2655 838 2734 Πρασίνους
864 2659 1018 2742 διῃρηντο.
1058 2659 1142 2718 idem
1161 2663 1195 2718 in
1215 2659 1293 2722 hist.

185 2754 294 2794 arcana
320 2733 376 2796 has
398 2733 472 2798 duas
493 2739 600 2818 populi
620 2739 764 2799 lectiones
786 2743 894 2824 μοίρας
916 2755 1019 2804 vocat:
1048 2749 1102 2808 cori
1125 2743 1158 2808 ii
1181 2740 1293 2827 δήμου,

183 2823 299 2902 inquit,
332 2822 365 2885 ἐιι
391 2827 524 2887 παλαιοῦ
549 2825 578 2896 ἐς
604 2826 712 2904 μοίρας
740 2820 796 2888 δόο
823 2824 1009 2908 διεστηκότος
1030 2833 1104 2912 μίαν
1125 2825 1216 2905 αὐτός
1236 2831 1294 2914 τήν

184 2907 311 2970 Βένετον
340 2905 575 2992 ἑταιρισάμενος.
619 2909 752 2970 eodinus
776 2931 827 2973 ees
849 2917 983 2994 appellat
1003 2913 1075 2992 τούς
1095 2911 1153 2982 δύο
1177 2915 1293 2996 δήμους

184 3003 214 3051 et
234 2989 271 3055 ταλ
293 2987 351 3056 δύο
373 2991 519 3076 δημοτικοὶ
543 2993 616 3076 μέρη
639 3007 668 3054 et
689 2993 725 3058 τολ
748 2994 804 3061 δύο
826 2999 900 3080 μέρη
921 3005 977 3063 τοῦ
996 2999 1110 3083 δήμου.
1153 3005 1249 3064 Lanu.

267 3097 296 3155 Ρ.
319 3079 360 3141 50
380 3099 410 3138 v.
427 3081 457 3146 5.
501 3085 731 3160 οοοματοιτρᾶται
751 3095 821 3142 sunt
838 3105 1016 3165 mangones,
1041 3091 1095 3169 qui
1113 3085 1150 3150 τολ
1169 3087 1292 3152 δονλιιιδ

183 3157 321 3238 στόματα,
351 3162 410 3224 hoc
439 3177 485 3226 est
512 3167 680 3243 mancipia,
706 3166 872 3229 venditant.
917 3175 990 3232 elias
1004 3185 1159 3233 ¹vocentur
1181 3169 1291 3257 rivipo-

182 3244 405 3328 ττοδοιιαλιτηλοι,
439 3254 526 3332 quasi
558 3253 730 3332 μεταβολαῖς
757 3261 818 3318 τῶν
847 3251 1055 3339 ἀνδραπόδων.
1099 3261 1207 3320 Strabo
1237 3281 1289 3320 eos

183 3333 315 3408 appellat
337 3331 601 3419 σωματεμττόρονς.
642 3337 810 3402 notandum
832 3346 924 3401 etiam
946 3344 1028 3425 quod
1049 3345 1183 3406 eodinus
1203 3367 1291 3404 man-

182 3418 260 3496 cipia
281 3433 435 3501 nuncupat
454 3419 603 3504 πρόσωπα
624 3422 765 3486 cineracei.
809 3430 906 3488 Lentu

266 3523 296 3581 p·
318 3503 362 3568 50
381 3525 410 3566 τ.
430 3511 461 3570 7.
504 3503 600 3583 ξενοόν
628 3511 777 3587 significat
804 3511 952 3592 hospitale
979 3537 1035 3576 seu
1057 3515 1184 3577 domum
1206 3519 1291 3576 exci-

180 3586 300 3666 piendis
320 3595 486 3672 peregrinis
508 3591 704 3670 destinatam,
736 3599 875 3678 qualem,
905 3613 939 3662 ut
959 3601 1010 3661 hic
1033 3602 1167 3662 Codinus
1189 3605 1290 3678 refert,

180 3671 372 3752 Theophilus
407 3681 570 3758 imperator
604 3685 756 3740 exstruxit
786 3685 819 3741 in
850 3689 972 3764 regione
1004 3689 1087 3749 urbis
1116 3700 1292 3768 nuncupata

182 3761 359 3838 Zeugmate,
394 3764 461 3824 loco
494 3765 647 3844 lupanaris
680 3769 811 3846 publici,
851 3771 933 3852 quod
965 3775 1008 3833 ibi
1040 3794 1058 3832 a
1090 3777 1291 3835 Constantino

179 3865 291 3924 magno
319 3849 417 3906 fuerat
446 3855 651 3910 constitutum.
695 3857 834 3913 meminit
864 3861 929 3918 eius
961 3863 1005 3920 rei
1036 3859 1192 3920 cedrenus
1219 3871 1242 3923 t.
1270 3865 1292 3924 2

179 3949 210 4008 p·
236 3932 295 3994 107
328 3931 372 3995 24
406 3937 502 3994 Bonn.
545 3939 644 3996 Lenis.

263 4035 293 4095 Ρ.
315 4019 358 4080 50
377 4036 406 4080 v.
428 4019 459 4080 9.
502 4013 663 4102 ολνήγειριν
685 4017 758 4088 oiri
780 4023 823 4098 εἰς
844 4029 1006 4110 πορνεῖον]
1028 4029 1076 4090 his
1094 4036 1200 4091 statim
1217 4033 1292 4091 sub-

178 4096 331 4174 iungenda
353 4121 418 4162 esse
439 4099 580 4162 videntur
599 4107 653 4164 illa
672 4111 764 4168 verba
783 4128 860 4190 quae
880 4117 972 4192 paulo
988 4118 1114 4176 inferius
1134 4119 1291 4196 leguntur,

177 4175 293 4320 {msc
327 4183 360 4250 ci
394 4189 451 4250 sori
482 4179 579 4248 αὐτοῦ
609 4191 696 4255 ολιιοο
728 4187 782 4275 οὐχ
815 4194 966 4278 scipionem
999 4200 1100 4283 ἕτερον
1132 4209 1290 4282 πορνεῖον.
