2808 4616
356 207 524 279 BREVES
550 205 755 274 ENARRAT.
783 206 1032 274 GHRONOGR.
1172 206 1245 279 173

142 402 222 480 Διὸς
243 400 357 478 θυσίας
379 401 430 464 καί
452 393 682 482 θαυμάζουσιν·
710 403 836 477 σεισμοῦ
853 396 887 460 δι’
902 393 1062 481 γενομένου
1080 395 1246 463 ἀποθανεῖν

143 509 175 572 ἔν
193 505 278 594 αὐτῷ
294 510 337 592 τῷ
352 504 480 588 πίλματι
488 551 498 581 ,
517 497 559 578 ὡς
575 502 623 566 ἐπὶ
640 494 726 590 Βάζρι
742 501 793 564 καὶ
804 498 894 586 ’Άντη
902 547 911 578 ,
929 501 1000 586 πρὶν
1017 501 1247 578 Κωνσταντΐνος
1262 509 1285 564 P
1301 509 1338 567 94

144 615 184 697 τῇ
199 607 300 686 πόλει,
318 607 398 672 ἀλλὰ
415 602 567 692 τῇῬοίμῃ
575 653 585 683 ,
602 602 678 668 θεὸν
695 599 849 687 γινώσκων
865 605 1014 689 ἐφαίνετο.
1066 603 1096 668 οἱ
1113 604 1147 667 δὲ
1160 605 1249 671 ’ίπποι

145 713 197 778 καὶ
221 713 254 776 αἱ
276 708 410 796 κιννάρις
433 712 465 772 Γ
462 710 662 792 αληνδουχίου
686 713 741 770 τοῦ
760 705 879 784 δουκάς.
931 705 1036 772 ἅτινα
1052 711 1250 793 καθορῶνται

121 817 178 880 biv
193 822 236 904 τῷ
252 816 324 901 πυρὶ
338 814 515 901 Ἀρτεμισίῳ
534 813 590 889 ἕως
606 817 662 894 τῆς
680 812 779 898 δεῦρο.
830 809 905 878 ὅθεν
911 859 921 890 ,
940 807 1101 900 φιλάκαλε,
1119 813 1251 888 πολλοὺς

146 917 257 996 κόπους
281 917 333 984 διά
354 919 410 1002 τὴν
428 917 484 1002 σὴν
502 916 612 1004 ἀρετὴν
629 911 842 997 ὑπομείναντες
848 964 858 996 ,
886 915 973 981 obdab
988 912 1250 1001 ἠγανακτήσαμεν.

599 1103 743 1187 Θίαμα
777 1099 804 1179 ί

501 1238 637 1305 τοῦ
701 1227 898 1328 βοός.

254 1392 300 1456 Τδ
328 1393 362 1456 δὲ
387 1394 418 1456 ἓν
442 1398 485 1480 τῷ
509 1396 567 1474 βοῒ
586 1392 694 1474 θέαμα
719 1398 839 1477 τρανῶς
862 1414 910 1456 σοι
934 1385 1148 1472 δποδείξομεν,
1176 1389 1290 1480 ὅπερΒ

106 1493 324 1572 Ιοπλιιστάκις
356 1495 399 1560 δι’
432 1497 598 1560 ἐπιστολῶν
624 1493 698 1580 ἡμῖν
724 1493 879 1578 δαήμονας
905 1488 1000 1577 δῆλόν
1026 1517 1075 1558 σοι
1099 1493 1252 1578 γενέσθαι,

148 1593 175 1666 ὦ
201 1597 354 1687 φιλόκαλε.
405 1603 639 1666 Βαλεντινιανοῦ
655 1607 711 1665 τοῦ
727 1599 927 1683 πραιποσίτου
945 1592 1147 1674 Κώνσταντος
1163 1599 1194 1661 ἓν
1210 1604 1254 1686 τῷ

148 1705 339 1792 ἱπποδρομία
358 1706 600 1787 οἰκοδομηθῆναι
613 1701 808 1789 γινώσκομεν.
860 1699 987 1783 κάμινος
1004 1701 1038 1765 δὲ
1054 1700 1255 1786 παμμεγέθης

147 1806 264 1894 μεγάλη
284 1809 339 1883 ἕως
354 1803 441 1890 ἡμῶν
459 1811 665 1886 διασωθεῖσα,
684 1807 761 1872 ἔνθα
775 1805 939 1881 Ἰουλιανὸς
956 1801 972 1868 ὁ
990 1806 1159 1888 θεοστυγὴς
1175 1831 1254 1890 προ-

149 1911 241 2000 φάσει
265 1919 326 1976 τῶν
349 1911 518 1976 καταδίκων
541 1911 673 1987 πολλοὺς
697 1913 728 1976 ἒν
754 1911 831 1996 αὐτῇ
853 1907 1062 1997 Χριστιανοὶ-ς
1078 1909 1253 1973 κατέκαυσε.

108 2033 141 2084 15
149 2007 187 2098 ἦν
204 2017 237 2079 δὲ
251 2013 270 2098 ἡ
284 2011 411 2095 κάμινος
425 2015 562 2099 φέρουσα
573 2014 648 2096 βοὸς
658 2020 776 2096 χαλκοῦ
788 2007 1079 2097 παμμεγεθεστάτου
1093 2008 1199 2094 θέαμά
1212 2038 1252 2090 τι,
1269 2019 1293 2072 0

150 2108 242 2202 οὗπερ
261 2116 339 2182 κατά
355 2119 482 2199 μίμησιν
499 2119 530 2182 ἐν
547 2123 591 2205 τῷ
607 2118 767 2206 Νεωρισίῳ
785 2116 881 2200 λιμένι
898 2111 1109 2198 κατετυπιάθη.
1160 2121 1205 2204 τῷ
1223 2115 1256 2179 δὲ

150 2221 235 2310 αὐτῷ
260 2223 319 2303 βοῒ
339 2227 382 2308 τῷ
405 2225 513 2308 χαλκῷ
538 2221 633 2286 ἕνεκεν
655 2219 791 2296 καύσεως
816 2215 1074 2305 παρηκολούθησέ
1094 2243 1125 2282 τι
1147 2216 1256 2300 μωμδν

149 2324 206 2402 ἕως
232 2327 328 2390 Φωκά
351 2329 407 2388 τοῦ
424 2325 559 2400 ἀναξίου.
607 2327 659 2388 καὶ
675 2324 752 2407 μετά
769 2321 804 2388 ab
822 2329 977 2406 καυθῆναι
995 2321 1049 2386 τὸν
1067 2320 1160 2386 αὐτὸν
1180 2324 1255 2388 Φω-

148 2434 223 2508 κάν,
248 2425 308 2494 ὖαδ
332 2423 516 2514 Ἡρακλείου
540 2434 737 2512 χωνευθῆναι
760 2426 814 2492 τὸν
834 2432 913 2510 βοῦν
937 2427 978 2502 είς
1001 2425 1255 2507 άκουλκαταμίον,

105 2535 201 2609 γοναὶ
235 2533 277 2608 εἰς
307 2530 360 2596 τδν
388 2528 511 2598 Πόντον
541 2530 672 2618 αεράσαι
697 2533 793 2597 ἕνεκεν
818 2529 1046 2618 πρωτολογίας.
1096 2521 1134 2613 ἦν
1160 2530 1195 2594 δέ
1218 2529 1254 2595 τδ

149 2777 226 2846 palus
248 2778 368 2828 conferta
386 2777 551 2830 multitudine
569 2777 714 2847 spectaculi
732 2777 904 2830 admiratione
921 2775 1042 2842 defixus,
1065 2779 1156 2828 tonas
1173 2779 1257 2840 motu,

151 2847 223 2898 circa
247 2852 350 2913 tempus
376 2845 466 2913 Byzas
491 2857 518 2900 et
541 2849 633 2915 Antis,
658 2849 687 2900 in
710 2848 768 2917 ipsa
793 2863 876 2900 cavea
899 2848 1038 2913 absorptus
1061 2845 1107 2896 sit.
1142 2843 1258 2912 contigit

150 2932 216 2969 vero
236 2930 294 2966 cum
310 2913 419 2967 necdum
437 2915 628 2970 Constantinus
646 2918 690 2970 dei
708 2917 793 2969 cultor
809 2917 870 2968 urbi
886 2915 1062 2980 innotuisset,
1082 2912 1129 2965 sad
1146 2912 1255 2966 Romae.

151 2983 213 3054 equi
232 2991 317 3036 autem
334 2989 362 3035 et
379 2984 496 3037 aviculas
513 2987 679 3040 Galinduohii
695 2986 771 3038 ducis
788 2993 864 3054 sunt,
884 3002 951 3055 quae
968 2983 1001 3036 ad
1018 2981 1153 3035 Artemisii
1169 2981 1256 3054 ignem

150 3053 281 3122 hodieque
306 3052 512 3136 conspiciuntur.
547 3056 663 3124 idcirco,
689 3073 836 3126 quanquam
859 3055 947 3108 multis
970 3051 1104 3106 laboribus
1121 3059 1184 3106 tuae
1200 3051 1257 3106 vir-

151 3123 216 3176 tatie
234 3138 328 3188 causa,
347 3139 391 3175 var
406 3125 505 3194 probe,
522 3126 670 3194 perfuncti,
688 3125 753 3178 nihil
770 3134 859 3179 tamcn
875 3124 982 3193 indigns
997 3121 1111 3174 tulimus.

497 3262 749 3332 Spectaculum
777 3267 913 3316 sextum

429 3347 496 3412 de
552 3352 714 3431 foro
778 3351 982 3414 bovis.

256 3463 440 3534 Spectaculum
465 3467 533 3535 quod
557 3467 584 3523 in
606 3469 664 3520 loro
680 3467 757 3521 bovis
774 3466 887 3538 positum
903 3472 976 3530 erat,
1004 3465 1075 3518 clare
1091 3465 1142 3518 tibi
1159 3463 1259 3518 descri-

152 3535 257 3598 bemus,
284 3534 386 3602 quando
410 3535 437 3587 id
461 3553 541 3605 saepe
564 3536 683 3606 saepius,
712 3537 757 3590 vir
779 3537 912 3606 studiose,
938 3535 1023 3589 missis
1043 3536 1077 3588 ad
1094 3552 1142 3587 nos
1160 3534 1257 3588 littaris

152 3601 316 3670 efflagitasti.
352 3603 472 3658 novimus
495 3624 559 3659 sane
582 3606 806 3673 Valentinianum,
832 3603 986 3658 Constantis
1004 3603 1172 3688 imperatoris
1190 3603 1259 3658 sacri

152 3672 264 3725 cubiculi
280 3689 345 3741 prae
365 3674 474 3741 coitum,
492 3676 520 3728 in
537 3675 718 3746 Hippodromo
733 3675 797 3728 illud
812 3675 978 3728 aedificasse.
1013 3675 1067 3728 furt
1082 3692 1148 3728 vero
1164 3675 1258 3727 fornax

152 3741 1259 3884 labit:0iliisliliisffillssflflllllullillidium

152 3880 231 3933 bovis
256 3881 332 3934 aenei
355 3883 472 3936 immanis
496 3889 614 3940 statinae
640 3884 751 3952 figuram
775 3884 908 3950 reserens,
935 3884 978 3937 oui
1000 3885 1090 3938 similis
1114 3883 1141 3935 in
1157 3878 1258 3933 Neorio

152 3957 231 4017 portu
255 3957 349 4018 postea
365 3955 498 4006 conlectus
516 3961 564 4009 est.
599 3953 660 4008 huic
677 3963 765 4006 autem
783 3953 878 4005 deinde
897 3953 962 4006 bovi
980 3970 1061 4007 aeneo
1078 3953 1111 4005 ad
1129 3948 1260 4018 nequissi-

154 4033 222 4071 mum
239 4035 322 4088 usque
339 4021 452 4076 Phocum
470 4024 597 4092 quaedam
613 4023 722 4076 infamia
736 4023 870 4090 inhaesit,
891 4041 923 4076 eo
940 4024 1043 4076 nomine
1060 4021 1130 4091 quod
1147 4033 1259 4073 exuren-

154 4085 196 4138 dis
219 4088 274 4139 reis
298 4097 481 4161 usurparetur.
516 4102 578 4163 post
597 4109 655 4146 nam
672 4109 737 4146 vero
755 4094 788 4146 ab
805 4092 932 4146 Heraclio
949 4093 1008 4162 ipse
1024 4091 1127 4144 Phocas
1149 4093 1259 4140 exustus

153 4160 212 4219 est,
239 4156 287 4208 bos
309 4157 338 4210 in
360 4161 481 4215 Acnlcati
504 4180 633 4217 aeranem
658 4162 788 4216 conflatus
812 4171 867 4231 est,
894 4168 975 4232 atque
992 4161 1025 4214 ad
1044 4156 1258 4211 conscribendam

152 4223 262 4278 militem
280 4225 308 4278 in
325 4227 435 4286 Pontum
452 4231 556 4288 οιίετιιι.
593 4237 652 4288 erat
674 4240 761 4288 autem
778 4232 807 4285 iu
822 4233 925 4297 Ponto,
950 4229 1021 4299 quod
1040 4227 1194 4282 Acaloatnm
1212 4243 1259 4279 vo·
