2826 4640
503 285 563 350 DE
589 283 729 352 SIGNIS
756 283 818 351 ΟΡ.
1161 287 1236 368 λλ1

105 479 163 541 cori
178 476 375 550 τελωταλντος
390 471 541 555 βασιλίως
557 476 608 540 καλ
624 470 645 558 ή
661 475 830 561 Αάγοιλστα
846 470 1081 562 προελάμβανον
1096 477 1132 542 τὸ
1149 475 1216 556 ἐξά-

108 583 195 658 διον,
220 577 270 642 καλ
296 575 447 663 ἐθρήνουν
470 579 563 645 ἐκεῒσε
585 578 640 644 τάν
661 578 882 663 τελευτήσαντα
904 578 1021 645 ἔσωθεν
1037 587 1093 646 τοῦ
1109 589 1216 664 κουβι-

108 685 226 760 κλείον,
251 683 302 746 καὶ
325 681 457 747 ἀπίλυον
478 682 519 748 νδ
540 687 626 766 βήλα
649 685 728 770 πρὸς
749 684 784 750 τὸ
808 683 852 768 μή
877 683 1069 771 είοίρχισθιιι
1086 681 1106 768 ή
1124 711 1217 752 κατο-

107 783 225 852 πτεάειν
247 790 305 850 τοῦ
328 791 406 850 λαοῦ
428 782 515 866 τινά,
540 791 592 852 καλ
615 789 686 853 κατ’
713 789 795 854 ἰδίαν
818 784 979 854 ἐκόπτοντο
1005 789 1141 874 οἰμωγάς
1164 793 1216 855 καί

83 887 245 978 άθρήνονς
278 889 437 976 σφοδροὺς
467 891 524 968 ἐως
553 888 642 976 ὡρῶν
667 893 710 970 ἕξ.
761 893 813 957 καλ
840 891 939 958 ίκτοτε
966 891 1139 975 ἐλάμβανον
1164 895 1218 960 τὸν

105 991 318 1086 ἀποιχόμενον
334 994 424 1080 μέχρι
448 1002 509 1060 τῶν
533 992 627 1081 ἀγίων
651 995 830 1062 ἀποστόλων
836 1045 847 1077 ,
873 999 925 1061 καλ
947 995 1089 1082 ἐκήδευον
1112 997 1213 1064 αὐτόν.
1232 1021 1255 1076 c

106 1097 167 1164 ἅθ’
188 1097 289 1173 οὕτως
305 1096 557 1187 ἀνθοπίστρεφον
574 1100 607 1164 αἲ
623 1111 770 1184 γυναῖκες.

204 1199 255 1266 Ἦ
269 1202 303 1266 δι’
320 1201 464 1288 ἱσταμένη
484 1207 525 1280 είς
540 1203 574 1270 τὸ
588 1201 774 1282 Ἕξακιάνιον
791 1199 887 1288 στήλη
903 1205 949 1268 lul
964 1202 1096 1290 βραχέος
1109 1205 1218 1284 κίονος,

106 1305 187 1372 κατά
210 1305 247 1371 ‘cd
269 1303 390 1393 βόρειον
413 1308 523 1394 μίρος,
548 1306 664 1393 ὑπῆρχε
690 1311 923 1377 Κωνσταντίνον
948 1313 1003 1374 τοῦ
1027 1314 1146 1398 τυφλοῦ
1163 1316 1219 1375 τοῦ

69 1421 99 1476 10
107 1411 333 1493 νεωτερίζοντος
349 1410 417 1475 υἱοῦ
435 1418 489 1495 τῆς
504 1409 648 1499 Εἰρήνης.

208 1510 257 1578 Ἡ
273 1514 306 1578 δέ
326 1514 471 1599 ἱσταμένη
491 1519 533 1593 εἲς
549 1517 583 1580 τὸ
602 1518 704 1601 Σίμμα
721 1515 768 1579 lut
787 1516 885 1590 κίονος
901 1509 1031 1600 ἀπάρχει
1051 1514 1218 1581 Θεοδοσίου

104 1621 165 1682 τοῦ
186 1623 298 1704 μικροῦ
320 1618 389 1683 oieb
407 1619 588 1706 Ἆρκαδιόυ,
613 1619 652 1704 ἣν
676 1616 814 1707 ἀνήγειρε
837 1615 1024 1706 Χρυσάφιος
1042 1617 1217 1702 εὖνοῦχοςὸ

105 1723 254 1805 Τζουμάς
270 1723 321 1786 καὶ
337 1720 621 1808 παροκοιμιάμενος.

211 1825 259 1891 Αἱ
280 1825 314 1890 δέ
333 1832 444 1910 στῆλαι
460 1834 522 1893 τῶν
539 1824 711 1914 ἐλεφάντων
727 1830 784 1908 τῆς
798 1828 916 1909 χρυσῆς
931 1819 1046 1910 πάρτης
1061 1822 1171 1906 ἥκασιν
1188 1825 1220 1888 ἐκ

67 1933 165 1994 15τοῦ
180 1936 258 1994 ναοῢ
275 1933 332 1993 τοῦ
347 1929 461 2015 Ἄρεως
479 1930 539 1996 ἀπὸ
552 1932 710 2014 Ἀθηνῶν,
736 1927 821 2013 παρὰ
841 1927 1010 1992 Θεοδοσίου
1027 1933 1082 1992 τοῦ
1097 1931 1221 2012 μικροῦ,

103 2040 162 2096 τοῦ
186 2034 344 2118 κτίστορος
366 2041 422 2097 τοῦ
439 2035 585 2119 χερσαίου
601 2036 720 2115 τείχους
734 2032 824 2116 μέχρι
840 2036 902 2096 τῶν
918 2035 1117 2118 Βλαχερνῶν,
1142 2029 1215 2117 ὅπερ
1232 2047 1257 2100 D

105 2133 225 2201 {brocas
249 2136 292 2210 είς
312 2131 457 2216 ἐξήκοντα
473 2134 605 2221 ήμίρας,
631 2133 762 2219 ἐχόντων
778 2141 839 2200 τῶν
856 2132 912 2199 dv'o
929 2141 1032 2220 μερῶν
1047 2139 1103 2199 cori
1120 2133 1220 2218 δήμου

107 2237 173 2302 ἀπὸ
198 2234 350 2321 χιλιάδων
380 2237 476 2318 ἀκταί,
510 2237 605 2305 άντων
635 2234 801 2325 δημάρχων
830 2240 993 2304 Martiale?
1020 2237 1134 2324 με’ρους
1160 2243 1221 2304 τῶν

106 2339 248 2406 Βενίτων
271 2342 323 2404 καλ
345 2343 488 2428 Χαρσίον
513 2343 650 2432 ἀδελφοῦ
673 2341 771 2406 αὐτοῦ
793 2341 907 2430 μέρονς
927 2343 1110 2430 Πρασίνων,
1142 2341 1221 2425 μετά
1307 2413 1313 2422 ‚

67 2446 161 2515 τοκαλ
185 2443 367 2527 Εάλαμνιίου
389 2451 563 2532 συγγενοῦς.
613 2443 783 2530 ἠνιάθησαν
806 2446 840 2510 δέ
864 2445 893 2511 oi
913 2445 1035 2511 Βίνετοι
1054 2445 1113 2510 ἀπὸ
1131 2450 1220 2511 Βλα-

105 2553 242 2634 χερνάλν,
275 2547 304 2613 oi
330 2550 364 2615 δέ
385 2549 539 2637 Πράσινοι
565 2549 625 2615 ἀπὸ
647 2551 794 2639 χρυσείας
817 2546 950 2637 πόρτης,
976 2550 1027 2614 καλ
1053 2545 1221 2634 ἠνιάθησαν

109 2656 152 2731 είς
171 2651 229 2737 τήν
243 2651 431 2743 μυρίανδρον
447 2653 563 2741 νιόρτην
578 2653 635 2740 τήν
651 2655 840 2738 καλουμένην
855 2651 1071 2742 Πολάανδρον.
1122 2653 1221 2730 οὕτως

180 2830 199 2884 5
218 2825 283 2900 ἕως]
299 2824 462 2900 ποιοάμενοι
478 2826 531 2892 ἕως
547 2831 581 2885 (λ.
685 2831 704 2885 8
720 2849 748 2902 p.
760 2833 797 2886 λθ
807 2830 891 2886 Band.
996 2834 1029 2887 11
1042 2850 1074 2920 p.
1086 2833 1120 2886 λλ
1134 2832 1219 2885 Band.

183 2899 219 2954 14
235 2919 264 2970 p.
275 2901 309 2956 λλ
321 2901 407 2954 Band.
486 2894 606 2970 ήκασιν]
623 2895 755 2972 ήχθησαν
769 2903 803 2954 (λ.
879 2900 912 2956 15
930 2894 1014 2968 ἀέρος
1031 2895 1090 2954 aad
1107 2897 1222 2969 άθηννῖς

179 2971 250 3024 Bav.
352 2968 386 3024 16
403 2968 549 3032 κτίσαντος
564 2969 597 3024 τὸ
614 2976 745 3040 χερσαῖον
761 2974 852 3040 τεῖχος
869 2972 902 3026 C.
998 2971 1032 3027 17
1049 2971 1105 3023 τῶν
1122 2968 1220 3040 δήμων

182 3034 241 3092 άνά
257 3034 385 3109 χιλιάδας
401 3040 435 3094 C.
541 3040 575 3094 18
591 3041 722 3111 μαγδαλοῖ
738 3041 762 3094 C
780 3051 808 3094 et
823 3041 907 3110 Bam,
926 3040 1051 3111 μοιιδοιλοῖ
1068 3041 1131 3094 Vat.

110 3195 137 3247 in
163 3193 218 3246 isto
240 3192 300 3246 loco
324 3191 513 3262 consanguinei
530 3193 648 3246 defuncti
666 3194 846 3264 imperatoris,
875 3199 903 3247 et
919 3194 979 3266 ipsa
995 3195 1130 3279 Augiasta,
1156 3201 1219 3250 anta

110 3264 214 3316 lunaris
231 3263 367 3315 clationem
384 3262 511 3332 lugebant
528 3272 657 3316 mortuum
672 3263 744 3316 intra
762 3265 923 3333 cubiculum,
943 3265 1063 3318 obductis
1081 3265 1163 3332 velis,
1186 3283 1220 3319 ne

110 3334 171 3404 quis
190 3351 205 3385 e
224 3333 321 3402 populo
335 3331 436 3384 intrare
453 3339 499 3385 aut
515 3332 691 3403 introspicere
707 3341 813 3406 posset3
831 3343 859 3388 et
875 3336 970 3389 lessam
986 3335 1023 3388 ibi
1037 3351 1084 3388 sex
1099 3336 1220 3388 horarum

111 3421 171 3455 cam
195 3403 277 3454 multo
301 3400 409 3472 planctu
430 3401 575 3457 faciebant.
609 3403 704 3455 exinde
729 3405 808 3457 lunas
832 3406 1026 3458 comitabantur
1046 3407 1080 3459 ad
1098 3407 1218 3476 templum

111 3473 166 3526 SS.
185 3471 375 3542 apostolorum3
400 3487 485 3540 coque
503 3473 647 3544 composito
666 3475 870 3528 revertebantur
887 3476 1020 3529 mulieres.

218 3541 314 3594 Statua
338 3539 366 3592 in
390 3539 554 3595 Hexacionio
577 3543 709 3595 columnae
733 3544 845 3626 exiguae
868 3545 993 3615 imposita
1012 3545 1221 3615 septentrionem

112 3627 225 3678 versus,
244 3610 414 3664 Constantini
431 3620 489 3664 erat
507 3620 678 3682 cognomento
695 3613 768 3665 caeci
784 3615 895 3668 runioris
912 3615 962 3668 hlii
978 3615 1081 3668 Irenae.

216 3679 248 3732 ln
271 3679 376 3748 porticu
393 3681 436 3732 cui
454 3697 547 3733 nomen
565 3681 656 3751 sigma
673 3682 791 3736 columna
809 3691 923 3738 statuam
940 3683 1085 3738 Theodosii
1101 3683 1220 3753 iunioris,

112 3747 163 3802 filii
184 3747 292 3802 Arcadii
313 3749 441 3817 sustinet,
470 3768 547 3820 qrram
570 3751 659 3804 crexit
679 3751 860 3822 Chrysophius
878 3754 1011 3807 eunuchus
1029 3760 1057 3807 et
1075 3755 1221 3808 accubitor.

217 3819 330 3872 Statnae
348 3819 543 3888 elephantorum
559 3828 653 3891 portae
671 3838 766 3874 aureae
780 3823 875 3876 allatae
886 3831 949 3877 sant
959 3824 1070 3877 Athenis
1082 3823 1221 3894 extemplo

113 3887 211 3940 Martis
229 3905 245 3940 a
262 3887 415 3942 Theodosio
433 3889 553 3957 iuniore,
571 3891 616 3961 qui
635 3891 754 3943 condidit
769 3909 869 3946 murum
885 3899 1039 3948 terrestrem
1052 3895 1085 3948 ad
1097 3895 1221 3948 Blacher-

115 3975 162 4010 nas
186 3973 288 4027 usque,
314 3959 385 4010 intra
408 3959 444 4013 60
468 3960 567 4013 dierum
592 3961 718 4030 spatium,
743 3979 825 4030 opera
842 3963 949 4016 duarum
966 3965 1105 4017 lactionum
1124 3961 1223 4035 populi,

116 4043 185 4096 qaae
209 4035 270 4080 octo
295 4027 365 4080 milia
386 4027 514 4082 hominum
532 4031 710 4084 continebant.
745 4033 865 4085 Venetae
882 4034 985 4102 quidem
1002 4034 1127 4088 factionis
1144 4049 1223 4102 prae-

115 4097 203 4150 lectus
218 4103 278 4150 erat
294 4097 444 4165 Mandalos,
462 4097 589 4152 Prasinae
606 4117 669 4154 vero
687 4101 813 4154 Chorsias
829 4103 885 4156 eius
901 4105 985 4157 frater
1002 4121 1059 4156 cum
1073 4102 1223 4171 Eulampio.

116 4172 230 4234 utraque
256 4173 343 4220 autem
367 4168 465 4236 factio,
490 4169 593 4222 Veneta
617 4188 634 4222 a
657 4169 809 4225 Blachernis
832 4180 860 4228 et
876 4175 988 4228 Prasino
1006 4192 1021 4226 a
1037 4180 1115 4244 porta
1132 4191 1222 4244 aurea,

118 4235 324 4305 coniungebatur
340 4237 369 4290 in
387 4246 465 4310 porta
482 4245 634 4309 nuncupata
651 4240 823 4312 Myriandra‚
841 4261 910 4316 qaae
928 4245 992 4298 alias
1007 4260 1112 4314 quoque
1125 4261 1224 4297 nuncu-

116 4312 199 4375 patur
223 4305 388 4378 Polyandra,
415 4308 486 4379 quod
511 4310 603 4364 ambae
627 4309 756 4365 factiones
778 4312 818 4368 ibi
842 4316 934 4370 unitae
957 4315 1065 4367 luerint.
1107 4314 1224 4384 reliquas
