2802 4636
521 305 580 374 DE
605 305 744 375 SIGNIS
770 307 831 374 GP.
1177 303 1225 376 37

117 492 174 556 καί
201 489 280 574 μετὰ
303 489 338 558 ad
367 489 528 579 ἀναγαγεῖν
554 493 649 576 αι’·τήν
674 497 903 580 περιελδουσιδν
927 491 1049 580 ἡμερῶν
1076 489 1229 558 δεκαοκτιδ

119 595 296 680 κατηνέχθη
312 601 368 680 τῆς
381 598 541 680 βασιλείας
556 598 662 664 adacei.
699 595 768 665 τότε
785 600 820 664 δὲ
835 591 874 682 ἦν
889 594 906 662 ό
924 595 1052 680 Συμεὼν
1067 591 1084 660 ό
1102 593 1196 674 όσιος.

223 695 261 764 Ὁ
280 698 373 778 αὐτὸς
390 700 425 765 δὲ
442 703 558 778 Φωκᾶς
573 699 669 768 ἔκτισε
686 701 739 768 τόν
755 702 830 769 ναόν
846 707 902 768 τοό
917 698 1005 787 διγίου
1025 701 1123 766 Φωκαῒ
1139 699 1172 764 ίν
1187 703 1233 790 τῷ

118 803 234 892 Meua
241 851 251 883 ,
278 799 371 888 μήπω
388 800 553 892 δροφιόσας
570 802 672 872 αότόν.
723 807 817 874 ίκεΐσε
831 797 913 891 δέήν
927 804 984 882 ἕως
995 799 1096 888 τότεή
1112 801 1230 888 ἀλλαγὴ

91 912 186 972 ὀπῶν
209 904 421 995 καυντοόρων,
446 909 524 974 καθ’
550 906 587 976 δν
607 905 702 976 τόπον
718 907 922 994 ήντζοκόπησι
938 907 978 974 τδι
993 903 1163 990 κοόντουρα
1179 908 1232 971 κοιλ

118 1011 156 1074 ἐκ
173 1017 235 1076 τῶν
252 1011 361 1092 ἓκεΐσε,
388 1009 435 1078 ὅτι
452 1009 632 1100 ίχρημότιζε
648 1009 796 1102 πρότερον
813 1011 930 1098 ιλλλαγή
944 1011 1092 1100 χερσαία,
1116 1008 1228 1094 ήλλαξε
1245 1011 1268 1066 Β

117 1113 214 1200 μέχρι
239 1120 296 1200 τῆς
317 1115 464 1203 χρυσείας
488 1111 596 1202 πόλης.
643 1116 722 1202 μετὰ
747 1117 782 1188 τδ
809 1116 949 1184 ἀνελθεῖν
972 1117 1025 1181 καί
1048 1119 1230 1197 βασιλεῦσαι

117 1216 249 1301 ἔστησεν
276 1221 370 1286 ἐκεῖσε
396 1215 453 1285 δόο
476 1221 591 1298 ’ἵππους
617 1216 821 1308 κουντοόρους
846 1219 1144 1307 ήντζοκοπημίνους,
1180 1219 1232 1282 καλ

116 1321 251 1404 βωμοὺς
283 1323 421 1400 λιθίνους
450 1324 660 1410 τετραδισίους
691 1321 835 1412 σόνεγγυς
865 1331 921 1391 τοῦ
953 1329 1029 1389 ναοῦ
1057 1326 1114 1389 τοῦ
1143 1318 1230 1406 ἇγίου

70 1435 111 1488 10
124 1428 243 1506 Φωκόί,
268 1424 304 1493 όν
319 1425 413 1505 αότδς
429 1424 581 1516 ἀνήγειρε,
607 1427 755 1495 Διίππιον
774 1427 867 1495 αὐτὸν
883 1423 1040 1510 ὀνομάσας
1057 1425 1112 1492 τδν
1127 1421 1232 1490 τόπον.

120 1529 218 1594 ἓκεῖσε
244 1529 303 1620 γὰρ
327 1533 378 1596 καὶ
404 1527 522 1610 εἰκόνας
545 1531 697 1619 τίσσαρας
719 1531 798 1615 μετὰ
822 1533 971 1618 ψηφίδων
990 1534 1117 1616 χρυσῶν
1139 1530 1232 1596 Κων-

120 1634 283 1698 σταντίνου
309 1637 361 1700 καὶ
382 1631 505 1720 Ἑλίκης
529 1631 695 1724 ἴστόρησεν.
748 1631 764 1702 ό
794 1636 827 1701 δὲ
848 1631 1031 1722 Ἡράκλειος
1054 1630 1155 1699 ἐλθὼν
1180 1634 1232 1710 καλ

120 1735 280 1822 κρατήσας
305 1739 426 1822 ἐτίμησε
450 1739 504 1805 τὸν
525 1736 617 1821 ναόν,
650 1735 806 1817 σκεπάσας
829 1737 923 1804 αότόν
945 1739 996 1802 καὶ
1019 1733 1233 1820 μετονομάσας

122 1842 167 1917 εἲς
183 1840 218 1906 τό
237 1847 292 1907 τοῦ
311 1837 398 1929 ἁγίου
417 1837 591 1910 ἀποστόλου
609 1845 660 1908 καὶ
679 1843 891 1930 εὐαγγελιστοῦ
903 1837 1045 1908 Ἰωάννου
1063 1837 1159 1923 όνομα
1175 1843 1233 1904 'coci

74 1941 285 2030 15θεολόγου.

227 2048 279 2112 Ta
306 2047 341 2112 δι’
364 2043 500 2113 Λαόσου
527 2041 608 2125 οἶκος
629 2039 669 2132 ήν
692 2042 827 2114 Λαόσου
850 2048 1010 2134 πατρικίου
1026 2046 1077 2112 καὶ
1094 2052 1267 2132 anama-0

121 2149 231 2229 σίτου,
258 2149 342 2228 ὅστις
369 2149 468 2237 όρχδς
493 2151 610 2228 πολλὰς
635 2151 686 2216 καὶ
712 2149 804 2229 δόξας
827 2147 967 2236 διήνυσεν
984 2149 1016 2215 ἓν
1031 2155 1095 2226 τοῖς
1108 2143 1232 2236 χρόνοις

191 2313 206 2362 l
226 2307 273 2362 καί
291 2339 326 2349 --
343 2307 432 2379 αὐτήν
450 2328 490 2364 om
505 2311 572 2368 Bav.
675 2312 694 2365 2
710 2308 841 2382 κατήχθη
857 2311 926 2367 Bav.
1029 2307 1179 2378 Συιεεοότηο
1195 2311 1229 2364 Ο.

190 2377 208 2432 3
230 2397 259 2450 p.
283 2381 315 2434 11
342 2381 424 2434 Band.
451 2398 479 2450 p.
495 2379 547 2437 275
565 2380 657 2435 Grata.
796 2377 901 2436 ἔκτισεν
924 2375 955 2434 ίιι
977 2379 1097 2452 βάθρων
1120 2375 1170 2434 τόν
1195 2381 1228 2435 0.

192 2451 209 2501 5
235 2443 397 2514 κοντοόρων
419 2451 452 2504 0.
591 2447 699 2519 τρόπον
721 2450 791 2504 Bac.
931 2445 1086 2518 κόντουρα,
1111 2443 1159 2504 ὅτε
1179 2447 1229 2502 καλ

190 2517 374 2604 μαγκλαήδίοις
391 2512 504 2588 ίτόφθη
523 2513 601 2587 παρὰ
618 2517 782 2586 Μασριιιίου
799 2519 851 2572 τοῦ
867 2515 1014 2592 βασιλέως,
1041 2514 1230 2586 τολμήσαντος

189 2587 243 2639 τοῦ
268 2587 358 2641 αυτοῦ
384 2589 470 2642 Φωκιῖ
497 2582 528 2642 ἒν
551 2589 592 2660 τῷ
615 2584 706 2660 πόντῳ
734 2584 823 2642 αὐτοῦ
846 2589 1004 2657 προοδήσαι
1021 2581 1054 2642 τό
1071 2583 1228 2654 πιττάκιον,

191 2649 262 2722 daea
281 2651 340 2710 όπό
357 2657 564 2728 Λογγιβαρδίας
581 2652 674 2710 ἐλθόν
693 2653 788 2726 ἔφερε,
817 2659 868 2712 τοῦ
890 2657 1011 2728 στρατοῦ
1026 2651 1139 2714 ἐκεῖθεν
1155 2651 1229 2710 aian-

190 2724 348 2787 στείλαντος
383 2729 485 2780 τοῦτον
520 2723 569 2780 διδ
597 2721 651 2794 τήν
679 2721 767 2794 όόγαν
795 2724 898 2782 αὐτῶν.
943 2725 993 2780 καλ
1021 2719 1171 2811 ἐγκαλέσας
1198 2719 1229 2778 όν

189 2789 280 2866 ἡμέρᾳ
304 2791 510 2882 ἱπποδρομίαν,
539 2791 583 2848 όιι
608 2785 691 2857 calane
712 2789 801 2862 εόριόν
822 2791 925 2849 ἄδειαν
947 2793 997 2848 καλ
1020 2791 1230 2867 αναλαβόμενος

193 2858 230 2915 τοὶ
253 2860 394 2932 κόντυυρα
417 2865 584 2934 υπεχῶρησε.
619 2861 654 2918 τοὶ
677 2859 710 2918 δὲ
731 2863 957 2932 καταλειφθέντα
978 2857 1109 2926 όντζίσας
1129 2865 1229 2930 κατήλ·

190 2933 245 2984 θεν
273 2929 325 2996 ἕως
352 2934 574 3006 Δογγιβαρδιόιν,
606 2929 645 2986 ἔτι
670 2928 722 2994 τὰς
744 2927 852 3001 πληγὰς
876 2928 963 3002 ἔχων·
994 2929 1042 2984 διό
1066 2932 1150 2985 τοῦτο
1174 2927 1227 2999 γὰρ

189 2999 657 3126 incitandae
673 2991 1227 3126 “atalantam

191 3141 226 3194 13
250 3090 462 3210 κρόιτήσαςςκαλ
485 3136 537 3196 τόν
561 3113 663 3194 adada
687 3135 845 3208 τιμωρήσας
868 3138 916 3194 κοιλ
938 3111 1044 3203 ualidas
1064 3132 1095 3194 ἒν
1118 3142 1154 3212 τῇ
1175 3139 1227 3194 τοό

159 3289 165 3300 .
191 3203 263 3272 Βοός
279 3202 371 3285 dyona?
386 3203 496 3282 ἐτίμησε
515 3211 547 3265 C.
666 3211 699 3268 16
717 3229 743 3282 p.
762 3211 795 3266 12
813 3211 897 3266 Band.

118 3353 184 3401 ante
208 3347 305 3402 diebne
326 3363 404 3418 qnam
426 3346 538 3422 inperio
560 3346 729 3402 deficeretur.
766 3348 875 3402 vivebat
897 3353 962 3402 tnnc
979 3348 1107 3419 temporie
1127 3346 1157 3402 S.
1175 3349 1229 3416 Sy·

118 3433 206 3470 meon.

224 3483 297 3538 Idem
315 3485 417 3538 Phocea
435 3485 560 3557 templum
581 3486 612 3540 S.
629 3486 733 3539 Phocea
752 3485 885 3540 exstruxit
900 3486 928 3538 in
946 3484 1036 3554 Milia,
1062 3486 1110 3540 sed
1127 3487 1227 3554 absque

119 3555 362 3620 concameration03
388 3553 435 3608 ubi
457 3571 541 3626 neque
562 3561 625 3610 tanc
648 3557 758 3609 mutatio
784 3566 843 3609 erat
866 3573 991 3626 equorum
1011 3573 1101 3610 cursus
1119 3556 1227 3626 publici,

119 3641 207 3695 enque
231 3624 259 3676 in
283 3622 342 3676 loco
361 3641 459 3678 nervos
476 3642 602 3694 equorum
619 3623 721 3680 incidit.
756 3626 850 3679 exinde
868 3632 955 3678 autem
973 3627 1094 3694 qnoniam
1111 3625 1149 3679 ibi
1167 3626 1227 3679 olim

122 3693 232 3746 mutatio
251 3699 309 3745 erat
327 3693 476 3762 terrestria,
494 3695 603 3748 mutatis
619 3697 695 3764 aquia
711 3713 796 3765 neque
812 3695 846 3749 ad
862 3701 965 3766 portam
980 3711 1084 3748 auream
1098 3695 1226 3766 perrexit.

120 3775 260 3836 postquam
284 3779 349 3816 vero
371 3763 400 3816 in
422 3764 513 3818 urbem
536 3781 661 3818 reverens
682 3772 711 3818 et
734 3765 845 3836 inperio
889 3764 969 3816 otitun
994 3773 1050 3833 eet,
1080 3767 1166 3818 erexit
1188 3764 1226 3816 ibi

121 3834 189 3884 duos
219 3847 301 3902 equae
332 3841 473 3886 enervatos
505 3839 534 3886 et
564 3851 625 3888 aree
653 3835 796 3904 quadratae
825 3835 959 3903 lapideas,
990 3850 1074 3904 prope
1103 3835 1226 3902 tenplum

122 3903 153 3955 S.
173 3901 278 3955 Phocae
303 3919 317 3954 a
340 3919 369 3955 ee
390 3903 539 3971 conditum,
563 3910 591 3957 et
607 3901 691 3957 locum
710 3903 857 3957 nominavit
872 3903 1013 3972 Diippinm.
1048 3902 1145 3957 ibidem
1162 3917 1227 3968 quo-

122 3989 174 4042 que
199 3970 340 4025 eollocavit
364 3977 489 4041 quattuor
511 3972 640 4042 imagines
668 3971 838 4026 Constantini
862 3980 891 4025 et
917 3973 1053 4038 Helenae,
1081 3991 1115 4024 ex
1139 3969 1227 4022 aureis

122 4041 219 4094 emetis
243 4041 435 4095 vermiculatas.
468 4051 600 4094 caeterum
625 4041 764 4096 Heraclius
791 4041 836 4095 nbi
855 4041 883 4095 in
899 4043 990 4095 urbem
1009 4041 1083 4095 venit
1101 4043 1129 4090 et
1144 4039 1227 4109 impe-

123 4111 190 4162 rinm
213 4111 345 4180 suscepit,
371 4110 479 4164 ornavit
499 4110 568 4164 illam
589 4111 723 4164 ecclesiam
741 4121 866 4182 tectoque
884 4112 1002 4181 operuit,
1027 4117 1054 4162 et
1070 4111 1226 4159 commutato

123 4179 227 4232 nomine
243 4181 274 4233 S.
291 4181 411 4250 apostolo
430 4188 459 4231 et
475 4181 652 4249 evangelistae
670 4181 777 4248 loanni,
796 4189 944 4254 nuncupato
961 4177 1106 4257 theologo&
1115 4175 1226 4228 dicavit.

225 4249 354 4302 Lanelaca
383 4250 472 4301 domus
502 4260 560 4302 erat
583 4251 664 4304 Lausi
690 4251 795 4320 patricii
819 4261 846 4303 et
869 4247 1031 4321 praepositi,
1062 4260 1108 4312 qm
1132 4245 1226 4296 multoe

123 4317 209 4388 gessit
234 4318 402 4388 magistratus
425 4335 585 4390 magnosque
609 4321 720 4392 adeptus
742 4329 784 4376 eat
807 4321 919 4373 honores
937 4319 986 4370 aab
1005 4313 1118 4365 Arcadio
1135 4313 1226 4364 Theo·
