2814 4608
379 249 438 316 DE
463 245 690 316 SEPULGRIS
714 247 828 316 IMPP.
855 249 917 317 GP.
1124 254 1199 326 205

194 435 303 529 Ἑτέρα
319 434 449 528 λάρναξ,
475 439 508 504 ἓν
523 428 545 523 ᾗ
561 430 720 502 ἀνάκειται
738 432 895 521 Ῥωμανὸς
916 435 933 506 ὅ
950 437 1018 518 οἷὸς
1032 443 1200 510 Κωνσταν-

95 550 179 614 τένου
196 551 251 612 τοῦ
266 536 580 633 Πορφυρογεννήτου,
606 535 623 606 ὃ
643 536 802 626 λεγόμενος
817 541 852 608 τὸ
869 542 963 610 καλὸν
979 547 1110 612 παιδίον.

195 679 333 748 ’Ἐσωθεν
355 681 390 746 δὲ
413 685 469 746 τοῦ
493 678 589 744 αὐτοῦ
604 683 680 743 ναοῦ
697 674 785 764 ἑτέρα
801 673 931 768 λάρναξ,
957 682 989 756 έν,
1004 673 1026 770 ᾖ
1044 681 1200 751 ἀπόκειται

97 789 325 861 Κωνσταντῖνος
349 781 365 848 ὃ
390 781 685 871 Πορφυρομέννητος
708 782 759 846 καὶ
783 781 918 872 ἀδελφὸς
934 787 1086 868 βασιλέως
1101 791 1201 855 Βασι.

70 892 177 957 ὀλεέου
200 893 255 954 τοῦ
271 884 554 975 Βουλγαροκτόνου.
605 875 691 951 οὗτοί
705 887 780 951 εἰσιν
795 885 856 952 υἱοὶ
868 885 1026 972 Ῥωμανοῦ
1041 897 1099 958 τοῦ
1114 898 1201 978 λεγο-

95 995 189 1076 μένου
214 997 311 1058 καλοῦ
334 993 457 1056 παιδίου
481 990 533 1055 καλ
555 989 672 1077 μητρὸς
695 992 796 1056 αὐτῶν
815 989 1009 1079 Θεοφανοῦς,
1035 996 1067 1062 ἓν
1083 986 1105 1084 ᾖ
1122 994 1240 1073 ἀπό-[ο

96 1122 192 1163 κειται
217 1097 268 1161 καὶ
293 1093 371 1180 αὐτὴ
397 1096 440 1172 εἲς
461 1093 496 1160 τὸ
522 1093 619 1170 δεξιὸν
641 1093 735 1182 μέρος
757 1099 813 1160 τοῦ
837 1095 932 1166 αὐτοῦ
949 1105 1026 1164 ναοῦ
1042 1105 1098 1165 τοῦ
1114 1097 1200 1186 άγέου

96 1199 340 1268 Κωνσταντίυου.

206 1410 371 1512 Ἦρῶου
405 1416 488 1486 τοῦ
518 1405 717 1507 μεγάλου
745 1404 1084 1490 Ἰουστιυιαυοῦ.

50 1613 89 1668 10
199 1589 335 1681 Λάρναξ
358 1589 437 1657 κατά
463 1586 615 1666 ἀνατολάς
638 1549 698 1654 cini
720 1589 813 1656 λίθου
837 1590 922 1670 ξένου
947 1597 1000 1661 καὶ
1022 1591 1200 1678 ἀλλοκότου,

95 1697 191 1782 μέσην
214 1694 325 1785 χροιάν
349 1691 463 1778 έχουσα
485 1699 540 1759 τοῦ
561 1717 594 1760 τε
619 1696 760 1758 Βιθυνοῦ
785 1696 837 1760 καὶ
859 1699 1093 1785 Χαλκηδονίων
1115 1701 1200 1790 παρὰ
1217 1723 1238 1776 Ρ
1257 1725 1308 1780 123

96 1803 187 1868 λίθου
205 1797 365 1889 ὄστρέτον,
390 1790 459 1886 ἕνῇ
476 1794 633 1864 ἀπόκειται
645 1795 867 1876 Ἰουστινιανάς.

193 1936 303 2026 Ἑτέρα
334 1933 449 2024 λάρναξ
482 1933 542 2000 άπὸ
572 1935 663 2000 λίθου
684 1930 904 2023 Ἶεροπολέτου,
939 1936 971 2003 έν
996 1928 1018 2028 ᾖ
1044 1935 1201 2010 ἀπόκειται

98 2039 248 2129 Θεοδῶρα
263 2038 284 2126 ἡ
300 2039 375 2126 γυνὴ
392 2039 498 2106 αὐτοῦ.

50 2197 88 2252 15
194 2176 304 2266 Ἑτέρα
319 2172 436 2264 λάρναξ
452 2173 529 2264 πρὸς
546 2175 667 2261 δυσμάς
683 2175 726 2254 εἰς
741 2175 776 2242 τὸ
791 2173 888 2254 δεξιὸν
899 2176 1007 2267 μέρος,
1025 2177 1201 2270 τὴνχροιάν

93 2283 319 2374 ῥοδοποικέλος,
345 2282 376 2346 έν
394 2269 415 2368 ᾗ
434 2276 590 2346 ἀπόκειται
605 2276 625 2364 ἧ
642 2279 717 2366 γυνὴ
732 2279 905 2347 'locutionu-

191 2414 300 2506 Ἑτέρα
325 2415 442 2507 λάρναξ
464 2415 557 2498 λευκὴ
580 2411 839 2505 Προνκοννῆσιος,
864 2417 896 2484 έν
911 2409 933 2505 ᾖ
949 2412 1107 2488 ἀπόκειται
1120 2419 1199 2487 ’1ου-

92 2533 192 2604 στΐνος
208 2521 225 2590 ὃ
241 2519 361 2612 μικράς.

190 2660 298 2748 Ἑτέρα
315 2655 431 2747 λάρναξ
447 2653 705 2744 Προικουνήσιος,
723 2655 754 2722 ἓν
770 2645 791 2742 ᾖ
804 2652 961 2724 ἀπόκειται
974 2660 1077 2748 Σοφία
1089 2656 1110 2745 ἢ
1122 2659 1197 2748 γυνὴ
1215 2675 1236 2727 Β

49 2766 264 2839 υοἿουοτίνου.

198 3025 258 3078 Alia
274 3041 357 3092 urna,
373 3022 402 3074 in
418 3037 472 3092 qua
486 3019 631 3074 tumulatur
645 3020 780 3076 Romanus
795 3020 962 3078 Constantini
976 3021 1200 3095 Porphyrogauiti

93 3097 179 3166 filius,
200 3095 246 3166 qni
263 3095 348 3148 bonus
364 3108 431 3160 puer
447 3087 686 3176 cognominabatur.

198 3167 274 3218 Intra
302 3161 426 3234 templum
455 3162 506 3214 aha
531 3177 613 3228 urna,
647 3161 675 3213 in
699 3177 752 3231 qua
778 3158 915 3230 depositus
940 3165 983 3214 cat
1008 3161 1198 3217 Constantinus

92 3233 354 3306 Porphyrogonitus,
380 3231 465 3286 irater
486 3230 653 3300 imperatoris
675 3229 770 3284 Basilii
792 3230 839 3300 qui
861 3229 988 3301 Bulgaros
1011 3231 1138 3290 concidit.
1171 3231 1199 3286 hi

94 3313 156 3359 sunt
177 3304 225 3358 filii
248 3303 376 3368 Romani,
401 3299 446 3372 qui
468 3302 553 3354 bonus
576 3317 642 3371 pnsr
664 3299 911 3370 cognominabatur,
938 3311 965 3354 at
982 3301 1198 3372 Theophanonis‚

94 3392 162 3444 quae
184 3373 325 3444 deponitur
346 3371 373 3424 in
397 3371 488 3426 andam
504 3387 571 3424 rurus
587 3369 622 3424 ad
638 3369 760 3426 dextrum
777 3369 893 3424 ciusdem
909 3370 999 3443 templi
1015 3371 1046 3424 S.
1063 3371 1198 3428 Constan-

94 3445 143 3498 tini
160 3445 240 3498 latus.

342 3575 516 3640 Heroum
544 3559 678 3661 magni
705 3576 947 3642 Iustiniani.

195 3699 272 3752 Urnu
301 3695 335 3749 ad
364 3695 503 3750 Orientem
530 3711 563 3748 ox
586 3693 675 3766 lapido
698 3695 840 3778 peregrim
864 3701 893 3749 ct
917 3699 1059 3764 airaon,
1085 3696 1198 3752 modium

94 3768 207 3821 colorem
234 3768 350 3820 hubantc
371 3765 540 3835 Bithynicum
565 3770 595 3818 at
617 3763 839 3820 Chaiccdomtasn.
852 3763 924 3819 intur
946 3769 1027 3838 atqua
1052 3766 1198 3832 omitum

93 3837 122 3888 in
140 3853 192 3908 qua
209 3837 347 3908 depositus
365 3841 407 3889 cst
423 3833 592 3888 Iustinianus.

112 3973 119 3988 .
196 3907 258 3960 Alio
281 3921 348 3959 urna
370 3921 405 3958 ax
427 3903 515 3978 lapido
529 3902 747 3974 nicopolitano,
772 3901 803 3956 iu
820 3917 873 3974 qua
887 3901 958 3958 iaoot
972 3903 1116 3960 Theodoro
1131 3921 1198 3959 uxor

94 3989 163 4027 crus.

198 4040 257 4095 Alio
280 4057 347 4095 urna
369 4041 403 4097 ad
427 4041 588 4096 occidentem
609 4041 639 4094 in
660 4039 753 4095 dartrc
770 4041 868 4110 latera,
894 4040 981 4096 coloro
996 4058 1074 4098 roseo
1090 4040 1198 4096 maculis

94 4109 237 4175 distinctu,
253 4110 281 4164 in
298 4126 351 4180 qua
366 4111 439 4164 iucat
453 4129 521 4164 uxor
536 4111 641 4165 Iustini.

198 4179 259 4234 Alia
275 4195 341 4233 urna
357 4181 418 4234 albu
432 4181 623 4249 Proconnesia,
643 4180 691 4240 uti
706 4179 859 4234 reconditus
875 4185 918 4234 ost
932 4179 1049 4235 lucinus
1065 4177 1162 4234 iunior.

199 4248 259 4304 Alia
274 4263 343 4304 urus
358 4251 549 4318 Proconnesia,
566 4250 614 4308 ubi
630 4249 752 4322 deposita
768 4256 810 4308 ast
825 4247 927 4320 Sophia
942 4263 1009 4302 uxor
1022 4246 1129 4304 Instini.
