2802 4636
169 268 219 344 20
504 265 722 334 GEORGIUS
746 265 932 336 conlutis

78 472 152 528 Plo
168 456 222 524 κόν
245 455 296 522 καί
320 452 440 521 ίιτπικόκ
465 453 578 542 ἀγῶνα.
628 450 646 520 ὃ
672 454 706 520 δὲ
729 451 806 539 ὅρων
831 452 904 530 rods
928 451 1070 540 ἇρνικοίις
1085 449 1186 532 πόδας
1201 445 1273 539 ἧκεν

165 559 226 628 ἀπὸ
243 565 299 642 τῆς
313 555 446 643 μεγάλης
458 559 655 643 Ἀντιοχείας,
682 556 745 624 ἴστε
762 560 797 626 δὲ
813 554 830 624 ὃ
848 555 1113 645 Βελλεροφόντης,
1137 561 1188 624 καί
1207 560 1273 624 tot-

163 671 256 749 βοντο
281 661 374 728 αὐτὸν
397 665 500 730 ἐκεῖσε.
552 660 651 728 ὁπόσα
676 663 710 728 δὲ
734 666 785 728 καί
807 661 887 727 itta
912 658 1076 746 ἀγάλματα
1082 710 1093 742 ,
1119 665 1169 727 καί
1194 664 1275 740 τίνες

166 771 223 836 etos
240 767 289 831 καί
307 763 403 832 πόθεν
419 763 529 849 ἥκασιν
546 767 666 832 ἕκαστοι
682 768 733 832 καί
752 763 803 832 διό
826 793 856 832 τι
880 764 1118 851 ίστηλοίθησαν,
1144 763 1274 851 ίσχατον

164 877 357 954 λεπτομερεῖς
373 871 510 956 ἐροῦμεν.
1281 889 1299 942 5

268 971 373 1038 Θίλιιιν
390 974 423 1040 di
439 972 456 1040 ὃ
473 973 568 1058 μίγας
585 973 816 1049 Κωνστακτῖνος
833 973 954 1056 οἰκῆσαι
971 971 1027 1054 τὴν
1050 967 1138 1036 πόλιν
1164 969 1272 1052 αὐτοῦ,

165 1073 301 1161 μάλιστα
328 1077 362 1144 dd
386 1075 639 1160 τοίιςῬιομαίους
665 1079 708 1154 είς
731 1075 766 1141 τὸ
785 1074 953 1156 Βυζάντιον
959 1123 969 1153 ,
996 1073 1104 1158 ἔλαβεν
1120 1077 1153 1152 ἓξ
1169 1075 1272 1141 οὔτῶν

163 1181 324 1267 λαθραίως
339 1179 378 1246 τό
396 1182 575 1246 όακτυλίδια
590 1179 690 1246 αὐτῶν
708 1176 774 1257 ἰνὸς
789 1176 918 1246 ἑκάστου
936 1180 1036 1258 ἰδίως,
1062 1181 1114 1246 καί
1132 1179 1272 1244 ἀπίστει·

163 1289 213 1352 λεν
231 1283 342 1361 αὐτοὺς
359 1287 401 1362 είς
416 1285 470 1350 τόν
486 1291 547 1350 τῶν
555 1286 688 1371 Περσῶν
704 1284 851 1364 βασιλία,
869 1281 952 1360 ὅστις
968 1283 1102 1350 ἐκαλεῖτο
1113 1280 1270 1368 Σόβαρος,

122 1401 146 1458 Β
163 1387 314 1474 τίσσαρας
328 1388 384 1472 μίν
399 1389 601 1474 μαγίστρους,
627 1385 800 1466 cbristus,
826 1385 879 1452 τόν
894 1383 1091 1474 Προτόσιον,
1108 1384 1162 1452 τόν
1180 1383 1269 1452 Extri-
1278 1403 1315 1458 10

164 1497 322 1577 λυμβρον,
340 1491 393 1557 τόν
411 1489 590 1574 Φιλόξενον,
609 1488 689 1556 duro)
706 1491 741 1555 dd
756 1493 950 1578 πατρικίους,
976 1490 1029 1556 τόν
1045 1487 1191 1579 Πρόβον,
1218 1489 1271 1556 τόν

163 1594 334 1678 Λαμνίνον,
359 1595 413 1662 τόν
430 1595 580 1682 Δαρεῖον,
605 1593 658 1659 τὸν
675 1597 811 1682 Μαῦροι
820 1643 830 1672 ,
855 1594 909 1660 τὸν
920 1591 1081 1674 Ῥοδανόν,
1113 1593 1167 1660 τὸν
1184 1597 1271 1660 Σαλ-

165 1699 277 1778 τίιονα,
303 1696 357 1764 τόν
374 1697 506 1785 ίνιαρχον
523 1695 705 1778 Misereor,
731 1695 786 1762 τόν
801 1695 973 1780 Εὔβουλον.
1023 1696 1101 1781 μετὰ
1127 1699 1270 1764 πλείστου

164 1807 297 1887 στρατοῦ
315 1802 519 1878 ἐξαπέστειλεν
536 1799 663 1880 nicode,
680 1797 867 1886 ποιήσαντας
884 1801 958 1868 δέκα
973 1798 1007 1879 ’ἐξ
1022 1809 1122 1886 μῆνας
1138 1803 1170 1867 ἐν
1183 1804 1271 1888 Περ·

163 1907 235 1972 σίιλι.
272 1901 289 1968 ό
308 1905 341 1969 di
356 1906 451 1991 μίγας
468 1908 700 1983 Κωνσταντῖνος
716 1904 897 1982 ἀποστείλας
914 1908 956 1982 είς
968 1901 1088 1989 Ῥώμην
1105 1901 1269 1988 ἅνελόβετο
1277 1917 1312 1972 15

163 2005 220 2086 τὰς
243 2019 385 2093 ηυναῖκας
410 2009 511 2077 αὐτῶν
536 2013 587 2074 καί
610 2009 649 2075 τό
673 2009 763 2075 τίκνα
779 2011 830 2078 καὶ
847 2009 903 2085 τὰς
920 2011 1078 2095 φαμιλίας.
1129 2007 1219 2096 ὥρισε
1238 2010 1272 2075 ds*

164 2113 215 2176 καί
239 2114 362 2190 κτίστας
383 2112 588 2197 μηχανικοός,
611 2117 665 2178 ἰ’να
692 2112 781 2180 idmst
806 2111 878 2191 τοὺς
894 2111 997 2190 οίκους
1012 2111 1113 2178 obruo
1129 2115 1180 2178 καί
1196 2113 1270 2190 τοὺς

163 2213 275 2290 τόπους
293 2213 359 2290 ἑνός
374 2213 502 2279 ἕκόστου
510 2263 520 2293 ,
547 2221 607 2279 ποῦ
624 2240 656 2278 τε
673 2225 785 2280 κεῖνται
801 2219 853 2280 καί
870 2213 971 2294 ὅπως,
997 2213 1101 2303 ἑτέρας
1124 2219 1171 2283 lul
1197 2215 1270 2294 τοὺς

162 2315 320 2400 αἰγιαλοὺς
335 2321 390 2398 τῆς
405 2313 570 2399 θαλάσσης
576 2363 586 2394 ,
613 2314 710 2393 ditae
726 2319 775 2384 ίπί
791 2317 864 2395 τοὺς
879 2315 1023 2407 ἠπείρους
1028 2367 1039 2399 ,
1065 2321 1116 2386 καί
1134 2321 1173 2386 τὰ
1190 2318 1268 2405 σχή-

161 2443 248 2500 ματα
273 2425 333 2484 τῶν
355 2416 546 2502 κτισμάτων,
579 2421 630 2484 καί
655 2419 713 2496 τὰς
736 2417 866 2498 ἀνόδους
891 2418 953 2488 οἶαι
976 2413 1056 2507 ἦσαν
1080 2421 1309 2508 sesterionem

123 2523 214 2593 οκαί
239 2518 384 2605 λαβόντες
407 2521 464 2600 τὰς
488 2524 636 2612 φαμιλίας
661 2528 723 2590 τῶν
747 2529 954 2610 συγκλητικῶν
980 2527 1118 2612 ἀνῆλθον
1149 2529 1198 2593 ἐπὶ
1231 2527 1266 2594 τό

227 2743 421 2814 Ῑόρνιθείοος
437 2751 477 2822 0,
494 2745 606 2814 όνικοός
622 2752 687 2806 Vat.
791 2747 931 2822 δμίλλοιν
948 2744 1000 2810 οὖν
1017 2757 1052 2810 0.
1139 2753 1264 2810 oisloool

228 2817 366 2886 inditos
383 2821 415 2872 t).
532 2821 598 2884 Βυζ.
616 2823 825 2889 κατακρατήσαι
842 2818 887 2876 it.
907 2827 940 2878 C.
1080 2826 1116 2878 10
1131 2821 1211 2893 Ἀδὰμ
1228 2826 1262 2879 0.
1349 2847 1351 2852 ·

226 2884 374 2958 Σκόμβρος
395 2889 428 2944 C.
562 2893 596 2945 12
614 2887 784 2952 Σαλούστιος
807 2885 986 2964 όίπαρηος,
1018 2889 1165 2956 Μόδεστος
1181 2889 1262 2948 καλό

226 2953 372 3080 Εόβουλρξ
389 2961 422 3018 C.
527 2960 560 3015 19
574 2954 646 3022 reici
759 2957 842 3016 doci
859 2963 892 3016 C.
1002 2959 1264 3018 trecorensem

228 3029 321 3096 coycti.
365 3063 373 3081 .

152 3226 235 3300 pedes
252 3227 336 3282 alatos
353 3229 450 3298 habet,
474 3229 587 3286 deducte
604 3233 647 3286 est
671 3250 687 3286 e
709 3250 803 3304 magus
818 3233 975 3303 Antiochia,
1008 3241 1037 3290 et
1052 3237 1266 3321 Bellerophontis

153 3302 210 3360 est,
228 3297 274 3366 qui
291 3297 345 3350 illic
362 3301 506 3354 colebatur.
542 3303 575 3356 de
589 3302 699 3371 reliquis
715 3305 827 3373 statuis,
845 3311 912 3374 quot
928 3311 956 3358 et
973 3308 1064 3376 quales
1081 3325 1129 3362 ese
1146 3313 1215 3372 sint,
1237 3313 1266 3362 et

151 3364 222 3490 ande
245 3368 377 3436 quaelibet
398 3369 518 3437 venerit,
550 3376 579 3424 et
603 3388 686 3440 quare
710 3373 811 3428 luerint
834 3383 954 3444 erectae,
987 3383 1121 3446 postremo
1145 3378 1265 3433 breviter

180 3451 277 3490 semus.

256 3504 398 3559 Caeterum
422 3523 480 3562 cum
504 3508 587 3562 vellet
604 3507 923 3584 Constantinus'magnus
946 3515 1037 3571 urbem
1061 3531 1135 3570 suam
1151 3517 1264 3570 maxime

151 3587 168 3624 a
184 3570 308 3627 Romanis
322 3575 453 3646 habitari,
483 3579 592 3632 annulos
608 3583 831 3648 praestantissimi
849 3583 976 3651 cuiusque
993 3584 1048 3640 viri
1064 3585 1166 3640 occulte
1185 3603 1263 3640 soce-

150 3639 208 3712 pit,
239 3651 267 3696 et
283 3645 354 3698 misit
370 3645 443 3716 ipsos
460 3654 554 3702 contra
569 3649 709 3704 Persarum
726 3669 815 3721 regem
832 3652 975 3722 Saporems
991 3653 1117 3709 videlicet
1135 3663 1262 3725 quattuor

150 3709 290 3778 magistros
302 3715 400 3782 Adam,
416 3717 577 3785 Protesium,
596 3721 792 3790 Scolymbrum,
807 3721 991 3790 Philoxenum,
1010 3730 1038 3776 et
1051 3729 1111 3776 octo
1123 3725 1261 3794 patricios,

148 3779 280 3850 Probum,
304 3784 473 3852 Dominum,
500 3787 623 3856 Dorium,
648 3789 786 3858 Maurum,
815 3788 982 3858 Rhodanum,
1014 3793 1167 3848 Sallustium
1183 3813 1263 3865 prue-

149 3849 266 3917 fectum‚
296 3851 444 3907 Modestum
470 3861 499 3910 et
513 3856 645 3912 Eubulum
668 3877 726 3914 cum
747 3877 842 3930 magus
865 3861 984 3916 exercitu
1000 3861 1026 3914 iu
1042 3863 1161 3920 Persium
1178 3865 1260 3931 misit,

150 3919 197 3972 ubi
222 3921 351 3976 sexdecim
379 3940 483 3977 menses
513 3927 664 3981 commorati
688 3935 759 3984 sunt.
793 3931 897 3984 interea
924 3930 1115 3986 Constantinus
1140 3951 1262 4004 magnus,

148 3987 236 4042 missis
248 3990 353 4044 Romam
372 3991 482 4063 legatis,
500 4013 589 4051 eorum
605 4015 700 4052 uxores
715 3999 815 4052 liberos
831 4004 860 4052 et
875 4001 990 4054 familias
1006 4001 1159 4060 accersivit.
1187 4004 1261 4058 misit

150 4057 228 4110 etiem
248 4061 425 4130 architectos,
451 4069 482 4116 ut
498 4066 587 4119 domos
609 4084 699 4122 eorum
717 4075 746 4122 et
762 4069 880 4123 cuiusvis
905 4071 990 4123 locum
1007 4070 1138 4141 situmque
1154 4074 1213 4126 sire
1229 4074 1259 4127 in

149 4141 197 4178 ora
214 4129 345 4183 maritime
363 4130 420 4184 sive
438 4135 600 4203 continenti,
628 4143 683 4190 tum
707 4139 817 4192 toruum
834 4145 985 4192 structurae
1003 4156 1090 4196 esrum
1109 4159 1143 4194 ue
1159 4141 1258 4211 gradus

149 4197 178 4246 et
198 4198 284 4274 scales
307 4202 492 4256 observarent.
538 4205 662 4258 adsumtis
686 4205 695 4261 i
716 4205 769 4260 ‘tur
793 4207 896 4260 fsmiliis
923 4215 1073 4264 senatorum
1090 4159 1258 4279 ilyrastium

148 4259 298 4338 redieruut,
326 4270 419 4343 ibique
438 4271 634 4343 singularium
651 4291 692 4330 mo
712 4293 726 4330 o
745 4275 864 4330 aedificis
880 4284 1086 4345 exstruxerunt,
1115 4297 1259 4350 eorumque
