<?xml version="1.0" encoding="UTF-8"?>
<!DOCTYPE html PUBLIC "-//W3C//DTD XHTML 1.0 Transitional//EN"
    "http://www.w3.org/TR/xhtml1/DTD/xhtml1-transitional.dtd">
<html xmlns="http://www.w3.org/1999/xhtml" xml:lang="en" lang="en">
 <head>
  <title>
</title>
<meta http-equiv="Content-Type" content="text/html;charset=utf-8" />
  <meta name='ocr-system' content='tesseract 3.04.00' />
  <meta name='ocr-capabilities' content='ocr_page ocr_carea ocr_par ocr_line ocrx_word'/>
</head>
<body>
  <div class='ocr_page' id='page_1' title='image "./excerptadeantiq00codigoog_0130.png"; bbox 0 0 2808 4616; ppageno 0'>
   <div class='ocr_carea' id='block_1_1' title="bbox 475 285 1225 360">
    <p class='ocr_par' dir='ltr' id='par_1_1' title="bbox 475 285 1225 360">
     <span class='ocr_line' id='line_1_1' title="bbox 475 285 1225 360; baseline 0.003 -2"><span class='ocrx_word' id='word_1_1' title='bbox 475 290 535 358; x_wconf 86' lang='lat' dir='ltr'><strong>DE</strong></span> <span class='ocrx_word' id='word_1_2' title='bbox 560 289 786 358; x_wconf 74' lang='lat' dir='ltr'><strong>tumultus</strong></span> <span class='ocrx_word' id='word_1_3' title='bbox 813 287 874 355; x_wconf 86' lang='lat' dir='ltr'><strong>GP.</strong></span> <span class='ocrx_word' id='word_1_4' title='bbox 1152 285 1225 360; x_wconf 74' lang='lat'><strong>113</strong></span> 
     </span>
    </p>
   </div>
   <div class='ocr_carea' id='block_1_2' title="bbox 74 475 1316 2330">
    <p class='ocr_par' dir='ltr' id='par_1_2' title="bbox 74 475 1316 2330">
     <span class='ocr_line' id='line_1_2' title="bbox 230 475 1225 568; baseline 0.001 -24"><span class='ocrx_word' id='word_1_5' title='bbox 230 479 298 565; x_wconf 84' lang='grc' dir='ltr'><em>Τὴν</em></span> <span class='ocrx_word' id='word_1_6' title='bbox 321 475 409 565; x_wconf 82' lang='grc' dir='ltr'><em>ἁγίαν</em></span> <span class='ocrx_word' id='word_1_7' title='bbox 430 479 524 568; x_wconf 81' lang='grc' dir='ltr'><em>σορὸν</em></span> <span class='ocrx_word' id='word_1_8' title='bbox 539 481 596 566; x_wconf 83' lang='grc' dir='ltr'><strong>τήν</strong></span> <span class='ocrx_word' id='word_1_9' title='bbox 612 481 644 546; x_wconf 73' lang='grc' dir='ltr'><em>ἓν</em></span> <span class='ocrx_word' id='word_1_10' title='bbox 659 489 723 558; x_wconf 77' lang='grc' dir='ltr'><em>τοῖς</em></span> <span class='ocrx_word' id='word_1_11' title='bbox 737 478 986 566; x_wconf 87' lang='grc' dir='ltr'><em>χαλκοπρατείοις</em></span> <span class='ocrx_word' id='word_1_12' title='bbox 998 475 1158 556; x_wconf 83' lang='grc' dir='ltr'><em>Ἰουστΐνος</em></span> <span class='ocrx_word' id='word_1_13' title='bbox 1174 485 1225 545; x_wconf 81' lang='grc' dir='ltr'><strong>καί</strong></span> 
     </span>
     <span class='ocr_line' id='line_1_3' title="bbox 124 579 1265 677; baseline 0.001 -28"><span class='ocrx_word' id='word_1_14' title='bbox 124 583 230 672; x_wconf 79' lang='grc' dir='ltr'><em>Σοφία</em></span> <span class='ocrx_word' id='word_1_15' title='bbox 256 579 418 672; x_wconf 88' lang='grc' dir='ltr'><em>ἀνήγειρεν.</em></span> <span class='ocrx_word' id='word_1_16' title='bbox 467 585 499 650; x_wconf 70' lang='grc' dir='ltr'><em>ἓν</em></span> <span class='ocrx_word' id='word_1_17' title='bbox 523 585 557 650; x_wconf 74' lang='grc' dir='ltr'><strong>δὲ</strong></span> <span class='ocrx_word' id='word_1_18' title='bbox 581 590 620 672; x_wconf 76' lang='grc' dir='ltr'><em>τῇ</em></span> <span class='ocrx_word' id='word_1_19' title='bbox 643 583 793 677; x_wconf 81' lang='grc' dir='ltr'><em>ἀγρυπνίρι</em></span> <span class='ocrx_word' id='word_1_20' title='bbox 814 582 1011 668; x_wconf 80' lang='grc' dir='ltr'><em>ἀνεγίνωσκον</em></span> <span class='ocrx_word' id='word_1_21' title='bbox 1026 579 1154 668; x_wconf 86' lang='grc' dir='ltr'><em>μεγάλοι</em></span> <span class='ocrx_word' id='word_1_22' title='bbox 1170 583 1265 650; x_wconf 70' lang='lat' dir='ltr'><strong>‹iv-D</strong></span> 
     </span>
     <span class='ocr_line' id='line_1_4' title="bbox 124 684 1226 775; baseline 0 -23"><span class='ocrx_word' id='word_1_23' title='bbox 124 693 264 774; x_wconf 77' lang='grc' dir='ltr'><em>θρωποι,</em></span> <span class='ocrx_word' id='word_1_24' title='bbox 284 685 302 753; x_wconf 85' lang='grc' dir='ltr'><em>ό</em></span> <span class='ocrx_word' id='word_1_25' title='bbox 317 713 350 754; x_wconf 84' lang='grc' dir='ltr'><strong>τε</strong></span> <span class='ocrx_word' id='word_1_26' title='bbox 366 687 499 772; x_wconf 78' lang='grc' dir='ltr'><strong><em>Μιχαὴλ</em></strong></span> <span class='ocrx_word' id='word_1_27' title='bbox 517 685 695 774; x_wconf 80' lang='grc' dir='ltr'><em>ἁῬαγγαβὲ</em></span> <span class='ocrx_word' id='word_1_28' title='bbox 711 685 728 754; x_wconf 85' lang='grc' dir='ltr'><em>ἁ</em></span> <span class='ocrx_word' id='word_1_29' title='bbox 746 684 978 775; x_wconf 88' lang='grc' dir='ltr'><em>κουροπαλάτης</em></span> <span class='ocrx_word' id='word_1_30' title='bbox 990 688 1050 772; x_wconf 83' lang='grc' dir='ltr'><strong>πρὸ</strong></span> <span class='ocrx_word' id='word_1_31' title='bbox 1066 693 1123 753; x_wconf 79' lang='grc' dir='ltr'><em>τοῦ</em></span> <span class='ocrx_word' id='word_1_32' title='bbox 1132 693 1226 769; x_wconf 79' lang='grc' dir='ltr'><em>βασι-</em></span> 
     </span>
     <span class='ocr_line' id='line_1_5' title="bbox 125 788 1225 881; baseline 0.001 -26"><span class='ocrx_word' id='word_1_33' title='bbox 125 797 246 870; x_wconf 78' lang='grc' dir='ltr'><em>λεῦσαι,</em></span> <span class='ocrx_word' id='word_1_34' title='bbox 271 794 322 857; x_wconf 79' lang='grc' dir='ltr'><strong>καί</strong></span> <span class='ocrx_word' id='word_1_35' title='bbox 339 788 468 880; x_wconf 79' lang='grc' dir='ltr'><em>Βάρδας</em></span> <span class='ocrx_word' id='word_1_36' title='bbox 484 794 608 881; x_wconf 84' lang='grc' dir='ltr'><em>Καίσαρ</em></span> <span class='ocrx_word' id='word_1_37' title='bbox 626 788 643 858; x_wconf 83' lang='grc' dir='ltr'><strong>ὃ</strong></span> <span class='ocrx_word' id='word_1_38' title='bbox 660 797 746 871; x_wconf 76' lang='grc' dir='ltr'><em>θείας</em></span> <span class='ocrx_word' id='word_1_39' title='bbox 761 789 894 876; x_wconf 76' lang='grc' dir='ltr'><em>Μιχαὴλ</em></span> <span class='ocrx_word' id='word_1_40' title='bbox 909 797 966 858; x_wconf 77' lang='grc' dir='ltr'><em>τοῦ</em></span> <span class='ocrx_word' id='word_1_41' title='bbox 976 790 1046 856; x_wconf 76' lang='lat' dir='ltr'><strong>vieti</strong></span> <span class='ocrx_word' id='word_1_42' title='bbox 1060 789 1225 879; x_wconf 73' lang='grc' dir='ltr'><em>Θεοφίλου,</em></span> 
     </span>
     <span class='ocr_line' id='line_1_6' title="bbox 98 891 1227 984; baseline 0.002 -24"><span class='ocrx_word' id='word_1_43' title='bbox 98 895 178 960; x_wconf 64' lang='lat' dir='ltr'><strong>tuat</strong></span> <span class='ocrx_word' id='word_1_44' title='bbox 200 897 308 961; x_wconf 78' lang='grc' dir='ltr'><em>πολλοὶ</em></span> <span class='ocrx_word' id='word_1_45' title='bbox 331 903 392 964; x_wconf 80' lang='grc' dir='ltr'><strong>τῶν</strong></span> <span class='ocrx_word' id='word_1_46' title='bbox 407 899 598 984; x_wconf 89' lang='grc' dir='ltr'><em>μαγίστρων·</em></span> <span class='ocrx_word' id='word_1_47' title='bbox 622 896 715 964; x_wconf 74' lang='grc' dir='ltr'><em>ἐκεῖσε</em></span> <span class='ocrx_word' id='word_1_48' title='bbox 730 895 791 984; x_wconf 87' lang='grc' dir='ltr'><strong>γάρ</strong></span> <span class='ocrx_word' id='word_1_49' title='bbox 807 891 1028 980; x_wconf 80' lang='grc' dir='ltr'><em>ἓναπόκειταιή</em></span> <span class='ocrx_word' id='word_1_50' title='bbox 1046 896 1131 977; x_wconf 91' lang='grc' dir='ltr'><em>τιμία</em></span> <span class='ocrx_word' id='word_1_51' title='bbox 1148 892 1227 980; x_wconf 82' lang='grc' dir='ltr'><em>ζώνη</em></span> 
     </span>
     <span class='ocr_line' id='line_1_7' title="bbox 123 996 1263 1089; baseline -0.001 -25"><span class='ocrx_word' id='word_1_52' title='bbox 123 1001 175 1064; x_wconf 82' lang='grc' dir='ltr'><strong>καὶ</strong></span> <span class='ocrx_word' id='word_1_53' title='bbox 190 996 210 1085; x_wconf 79' lang='grc' dir='ltr'><strong><em>ἡ</em></strong></span> <span class='ocrx_word' id='word_1_54' title='bbox 228 1001 327 1084; x_wconf 72' lang='grc' dir='ltr'><em>ἐσθής</em></span> <span class='ocrx_word' id='word_1_55' title='bbox 343 1006 398 1086; x_wconf 81' lang='grc' dir='ltr'><strong>τῆς</strong></span> <span class='ocrx_word' id='word_1_56' title='bbox 413 998 561 1068; x_wconf 71' lang='grc' dir='ltr'><em>θεοτόκον</em></span> <span class='ocrx_word' id='word_1_57' title='bbox 569 1049 580 1082; x_wconf 93' lang='grc'><em>,</em></span> <span class='ocrx_word' id='word_1_58' title='bbox 605 1000 641 1066; x_wconf 88' lang='grc' dir='ltr'><em>τὸ</em></span> <span class='ocrx_word' id='word_1_59' title='bbox 659 1003 693 1067; x_wconf 81' lang='lat' dir='ltr'><strong>tt</strong></span> <span class='ocrx_word' id='word_1_60' title='bbox 710 997 887 1089; x_wconf 67' lang='lat' dir='ltr'><strong>cistophorus</strong></span> <span class='ocrx_word' id='word_1_61' title='bbox 903 1000 935 1066; x_wconf 78' lang='grc' dir='ltr'><em>ἓν</em></span> <span class='ocrx_word' id='word_1_62' title='bbox 950 998 1150 1086; x_wconf 88' lang='grc' dir='ltr'><em>Βλαχίρναις.</em></span> <span class='ocrx_word' id='word_1_63' title='bbox 1261 1081 1263 1086; x_wconf 22' lang='grc' dir='ltr'>Ι</span> 
     </span>
     <span class='ocr_line' id='line_1_8' title="bbox 226 1099 1226 1190; baseline -0.003 -22"><span class='ocrx_word' id='word_1_64' title='bbox 226 1102 293 1170; x_wconf 84' lang='grc' dir='ltr'><em>Τὸν</em></span> <span class='ocrx_word' id='word_1_65' title='bbox 317 1103 403 1189; x_wconf 83' lang='grc' dir='ltr'><em>ἅγιον</em></span> <span class='ocrx_word' id='word_1_66' title='bbox 422 1102 569 1187; x_wconf 76' lang='grc' dir='ltr'><em>Ἰάκωβον</em></span> <span class='ocrx_word' id='word_1_67' title='bbox 592 1103 645 1171; x_wconf 84' lang='grc' dir='ltr'><strong>τὸν</strong></span> <span class='ocrx_word' id='word_1_68' title='bbox 666 1107 794 1190; x_wconf 81' lang='grc' dir='ltr'><em>πλησίον</em></span> <span class='ocrx_word' id='word_1_69' title='bbox 817 1105 911 1186; x_wconf 78' lang='grc' dir='ltr'><em>αὐτῆς</em></span> <span class='ocrx_word' id='word_1_70' title='bbox 933 1099 950 1168; x_wconf 83' lang='grc' dir='ltr'><strong>ὅ</strong></span> <span class='ocrx_word' id='word_1_71' title='bbox 975 1101 1066 1180; x_wconf 79' lang='grc' dir='ltr'><em>αὐτὸς</em></span> <span class='ocrx_word' id='word_1_72' title='bbox 1080 1101 1226 1185; x_wconf 76' lang='grc' dir='ltr'><em>βασιλετλς</em></span> 
     </span>
     <span class='ocr_line' id='line_1_9' title="bbox 123 1201 1226 1294; baseline -0.002 -22"><span class='ocrx_word' id='word_1_73' title='bbox 123 1201 295 1293; x_wconf 76' lang='grc' dir='ltr'><em>ἀνήγειρεν,</em></span> <span class='ocrx_word' id='word_1_74' title='bbox 321 1205 398 1273; x_wconf 72' lang='grc' dir='ltr'><em>ίνθα</em></span> <span class='ocrx_word' id='word_1_75' title='bbox 423 1212 497 1276; x_wconf 73' lang='lat' dir='ltr'><strong>stols</strong></span> <span class='ocrx_word' id='word_1_76' title='bbox 522 1210 553 1273; x_wconf 75' lang='grc' dir='ltr'><em>ἓν</em></span> <span class='ocrx_word' id='word_1_77' title='bbox 578 1218 681 1294; x_wconf 86' lang='grc' dir='ltr'><em>σοροῖς</em></span> <span class='ocrx_word' id='word_1_78' title='bbox 701 1212 833 1294; x_wconf 80' lang='grc' dir='ltr'><em>λείψανα</em></span> <span class='ocrx_word' id='word_1_79' title='bbox 856 1215 917 1274; x_wconf 83' lang='grc' dir='ltr'><strong>τῶν</strong></span> <span class='ocrx_word' id='word_1_80' title='bbox 934 1203 1027 1293; x_wconf 91' lang='grc' dir='ltr'><em>ἁγίων</em></span> <span class='ocrx_word' id='word_1_81' title='bbox 1043 1209 1157 1292; x_wconf 81' lang='grc' dir='ltr'><em>νηπίων</em></span> <span class='ocrx_word' id='word_1_82' title='bbox 1174 1209 1226 1271; x_wconf 82' lang='grc' dir='ltr'><strong>καλ</strong></span> 
     </span>
     <span class='ocr_line' id='line_1_10' title="bbox 122 1307 1225 1400; baseline -0.004 -24"><span class='ocrx_word' id='word_1_83' title='bbox 122 1317 180 1376; x_wconf 81' lang='grc' dir='ltr'><em>τοῦ</em></span> <span class='ocrx_word' id='word_1_84' title='bbox 206 1307 292 1396; x_wconf 87' lang='grc' dir='ltr'><em>ἁγιόο</em></span> <span class='ocrx_word' id='word_1_85' title='bbox 318 1311 446 1394; x_wconf 80' lang='grc' dir='ltr'><em>Συμεὼν</em></span> <span class='ocrx_word' id='word_1_86' title='bbox 469 1316 525 1376; x_wconf 77' lang='grc' dir='ltr'><em>τοῦ</em></span> <span class='ocrx_word' id='word_1_87' title='bbox 548 1309 716 1395; x_wconf 74' lang='grc' dir='ltr'><em>θεοδόχου,</em></span> <span class='ocrx_word' id='word_1_88' title='bbox 741 1319 796 1379; x_wconf 78' lang='grc' dir='ltr'><em>τοῦ</em></span> <span class='ocrx_word' id='word_1_89' title='bbox 819 1308 979 1400; x_wconf 79' lang='grc' dir='ltr'><em>προφήτου</em></span> <span class='ocrx_word' id='word_1_90' title='bbox 997 1313 1155 1400; x_wconf 85' lang='grc' dir='ltr'><strong>Ζαχαρίου</strong></span> <span class='ocrx_word' id='word_1_91' title='bbox 1174 1311 1225 1375; x_wconf 81' lang='grc' dir='ltr'><strong>καλ</strong></span> 
     </span>
     <span class='ocr_line' id='line_1_11' title="bbox 75 1410 1225 1504; baseline 0 -25"><span class='ocrx_word' id='word_1_92' title='bbox 75 1410 269 1494; x_wconf 79' lang='grc' dir='ltr'><em>ῙθἸακιόβου</em></span> <span class='ocrx_word' id='word_1_93' title='bbox 294 1420 350 1479; x_wconf 79' lang='grc' dir='ltr'><em>τοῦ</em></span> <span class='ocrx_word' id='word_1_94' title='bbox 373 1415 594 1504; x_wconf 59' lang='grc' dir='ltr'><em>ἀιλελφοθίουι</em></span> <span class='ocrx_word' id='word_1_95' title='bbox 629 1415 661 1480; x_wconf 75' lang='grc' dir='ltr'><em>ἓν</em></span> <span class='ocrx_word' id='word_1_96' title='bbox 679 1417 712 1480; x_wconf 79' lang='grc' dir='ltr'><strong>δὲ</strong></span> <span class='ocrx_word' id='word_1_97' title='bbox 732 1421 776 1504; x_wconf 74' lang='grc' dir='ltr'><em>τῷ</em></span> <span class='ocrx_word' id='word_1_98' title='bbox 792 1419 880 1504; x_wconf 77' lang='grc' dir='ltr'><em>δεξιῷ</em></span> <span class='ocrx_word' id='word_1_99' title='bbox 896 1416 980 1502; x_wconf 84' lang='grc' dir='ltr'><em>με’ρει</em></span> <span class='ocrx_word' id='word_1_100' title='bbox 996 1423 1050 1498; x_wconf 81' lang='grc' dir='ltr'><strong>τῆς</strong></span> <span class='ocrx_word' id='word_1_101' title='bbox 1068 1413 1155 1500; x_wconf 89' lang='grc' dir='ltr'><em>ἁγίας</em></span> <span class='ocrx_word' id='word_1_102' title='bbox 1170 1439 1225 1479; x_wconf 92' lang='grc' dir='ltr'><strong>σο-</strong></span> 
     </span>
     <span class='ocr_line' id='line_1_12' title="bbox 122 1513 1316 1606; baseline 0.001 -25"><span class='ocrx_word' id='word_1_103' title='bbox 122 1524 182 1604; x_wconf 79' lang='grc' dir='ltr'><strong>ροῦ</strong></span> <span class='ocrx_word' id='word_1_104' title='bbox 200 1519 257 1581; x_wconf 81' lang='grc' dir='ltr'><em>εἰσὶ</em></span> <span class='ocrx_word' id='word_1_105' title='bbox 274 1519 394 1601; x_wconf 84' lang='grc' dir='ltr'><em>κείμενα</em></span> <span class='ocrx_word' id='word_1_106' title='bbox 410 1526 470 1586; x_wconf 83' lang='grc' dir='ltr'><strong>τῶν</strong></span> <span class='ocrx_word' id='word_1_107' title='bbox 487 1515 580 1605; x_wconf 89' lang='grc' dir='ltr'><em>ἁγίων</em></span> <span class='ocrx_word' id='word_1_108' title='bbox 595 1514 783 1606; x_wconf 82' lang='grc' dir='ltr'><em>μυροφόρων</em></span> <span class='ocrx_word' id='word_1_109' title='bbox 799 1525 947 1603; x_wconf 84' lang='grc' dir='ltr'><em>γυναικῶν</em></span> <span class='ocrx_word' id='word_1_110' title='bbox 962 1515 1002 1583; x_wconf 84' lang='grc' dir='ltr'><em>τά</em></span> <span class='ocrx_word' id='word_1_111' title='bbox 1019 1513 1148 1601; x_wconf 87' lang='grc' dir='ltr'><em>σιόματα</em></span> <span class='ocrx_word' id='word_1_112' title='bbox 1157 1563 1168 1595; x_wconf 86' lang='grc'><em>,</em></span> <span class='ocrx_word' id='word_1_113' title='bbox 1193 1519 1225 1582; x_wconf 76' lang='grc' dir='ltr'><em>ἓν</em></span> <span class='ocrx_word' id='word_1_114' title='bbox 1240 1537 1263 1593; x_wconf 79' lang='grc' dir='ltr'>Ρ</span> <span class='ocrx_word' id='word_1_115' title='bbox 1280 1539 1316 1596; x_wconf 75' lang='lat'><strong>57</strong></span> 
     </span>
     <span class='ocr_line' id='line_1_13' title="bbox 123 1618 937 1710; baseline 0.002 -24"><span class='ocrx_word' id='word_1_116' title='bbox 123 1621 159 1686; x_wconf 77' lang='grc' dir='ltr'><strong>δὲ</strong></span> <span class='ocrx_word' id='word_1_117' title='bbox 175 1627 219 1709; x_wconf 74' lang='grc' dir='ltr'><em>τῷ</em></span> <span class='ocrx_word' id='word_1_118' title='bbox 236 1619 379 1710; x_wconf 80' lang='grc' dir='ltr'><em>εόωνόμῳ</em></span> <span class='ocrx_word' id='word_1_119' title='bbox 397 1623 430 1688; x_wconf 77' lang='grc' dir='ltr'><strong>αἱ</strong></span> <span class='ocrx_word' id='word_1_120' title='bbox 446 1625 544 1709; x_wconf 83' lang='grc' dir='ltr'><em>τρίχες</em></span> <span class='ocrx_word' id='word_1_121' title='bbox 560 1629 615 1688; x_wconf 79' lang='grc' dir='ltr'><em>τοῦ</em></span> <span class='ocrx_word' id='word_1_122' title='bbox 630 1624 731 1704; x_wconf 85' lang='grc' dir='ltr'><em>τιμίου</em></span> <span class='ocrx_word' id='word_1_123' title='bbox 749 1618 937 1709; x_wconf 69' lang='grc' dir='ltr'><em>προδρόμου.</em></span> 
     </span>
     <span class='ocr_line' id='line_1_14' title="bbox 228 1720 1225 1814; baseline 0.004 -26"><span class='ocrx_word' id='word_1_124' title='bbox 228 1723 275 1789; x_wconf 85' lang='grc' dir='ltr'><strong>Τὸ</strong></span> <span class='ocrx_word' id='word_1_125' title='bbox 294 1731 395 1808; x_wconf 84' lang='grc' dir='ltr'><em>λοῦμα</em></span> <span class='ocrx_word' id='word_1_126' title='bbox 411 1734 467 1793; x_wconf 78' lang='grc' dir='ltr'><em>τοῦ</em></span> <span class='ocrx_word' id='word_1_127' title='bbox 484 1730 517 1790; x_wconf 90' lang='grc' dir='ltr'><strong><em>Γ</em></strong></span> <span class='ocrx_word' id='word_1_128' title='bbox 513 1733 646 1811; x_wconf 83' lang='grc' dir='ltr'><em>ερμανοῦ</em></span> <span class='ocrx_word' id='word_1_129' title='bbox 663 1725 822 1814; x_wconf 80' lang='grc' dir='ltr'><em>Γερμανὸς</em></span> <span class='ocrx_word' id='word_1_130' title='bbox 835 1728 866 1791; x_wconf 75' lang='grc' dir='ltr'><em>ἐν</em></span> <span class='ocrx_word' id='word_1_131' title='bbox 878 1735 942 1804; x_wconf 82' lang='grc' dir='ltr'><em>τοῖς</em></span> <span class='ocrx_word' id='word_1_132' title='bbox 950 1720 1073 1812; x_wconf 82' lang='grc' dir='ltr'><em>χρόνοις</em></span> <span class='ocrx_word' id='word_1_133' title='bbox 1090 1725 1225 1792; x_wconf 84' lang='grc' dir='ltr'><em>Οόαλεν-</em></span> 
     </span>
     <span class='ocr_line' id='line_1_15' title="bbox 122 1827 1227 1918; baseline 0.003 -27"><span class='ocrx_word' id='word_1_134' title='bbox 122 1835 259 1897; x_wconf 81' lang='grc' dir='ltr'><em>τινιανοῦ</em></span> <span class='ocrx_word' id='word_1_135' title='bbox 275 1831 444 1918; x_wconf 84' lang='grc' dir='ltr'><em>στρατηγὸς</em></span> <span class='ocrx_word' id='word_1_136' title='bbox 459 1829 618 1917; x_wconf 85' lang='grc' dir='ltr'><em>γενόμενος</em></span> <span class='ocrx_word' id='word_1_137' title='bbox 632 1829 870 1913; x_wconf 73' lang='grc' dir='ltr'><em>Πελοποννήσου</em></span> <span class='ocrx_word' id='word_1_138' title='bbox 890 1827 1044 1916; x_wconf 90' lang='grc' dir='ltr'><em>ἀνήγειρε,</em></span> <span class='ocrx_word' id='word_1_139' title='bbox 1070 1828 1152 1895; x_wconf 79' lang='grc' dir='ltr'><em>οἶκον</em></span> <span class='ocrx_word' id='word_1_140' title='bbox 1169 1831 1227 1894; x_wconf 79' lang='grc' dir='ltr'><strong>αὖ·</strong></span> 
     </span>
     <span class='ocr_line' id='line_1_16' title="bbox 74 1931 1217 2015; baseline -0.002 -17"><span class='ocrx_word' id='word_1_141' title='bbox 74 1933 178 1998; x_wconf 65' lang='lat' dir='ltr'><strong>licon</strong></span> <span class='ocrx_word' id='word_1_142' title='bbox 199 1931 286 2015; x_wconf 75' lang='grc' dir='ltr'><em>ἔχων.</em></span> <span class='ocrx_word' id='word_1_143' title='bbox 1213 1933 1217 1938; x_wconf 79' lang='grc'>’</span> 
     </span>
     <span class='ocr_line' id='line_1_17' title="bbox 226 2032 1228 2122; baseline 0.002 -24"><span class='ocrx_word' id='word_1_144' title='bbox 226 2036 307 2120; x_wconf 82' lang='grc' dir='ltr'><em>Περὶ</em></span> <span class='ocrx_word' id='word_1_145' title='bbox 320 2036 354 2100; x_wconf 76' lang='grc' dir='ltr'><strong>δὲ</strong></span> <span class='ocrx_word' id='word_1_146' title='bbox 366 2040 421 2119; x_wconf 82' lang='grc' dir='ltr'><strong>τῆς</strong></span> <span class='ocrx_word' id='word_1_147' title='bbox 431 2039 488 2100; x_wconf 80' lang='grc' dir='ltr'><em>τοῦ</em></span> <span class='ocrx_word' id='word_1_148' title='bbox 499 2034 674 2122; x_wconf 86' lang='grc' dir='ltr'><em>Βοσπορίοιι</em></span> <span class='ocrx_word' id='word_1_149' title='bbox 689 2035 859 2118; x_wconf 73' lang='grc' dir='ltr'><em>ἐπωνυμίας</em></span> <span class='ocrx_word' id='word_1_150' title='bbox 871 2039 968 2100; x_wconf 83' lang='grc' dir='ltr'><em>ταῦτα</em></span> <span class='ocrx_word' id='word_1_151' title='bbox 982 2037 1074 2122; x_wconf 78' lang='grc' dir='ltr'><em>φησίν</em></span> <span class='ocrx_word' id='word_1_152' title='bbox 1087 2032 1228 2118; x_wconf 82' lang='grc' dir='ltr'><em>Ἰωάννης</em></span> 
     </span>
     <span class='ocr_line' id='line_1_18' title="bbox 119 2134 1227 2223; baseline 0.001 -21"><span class='ocrx_word' id='word_1_153' title='bbox 119 2134 288 2220; x_wconf 74' lang='grc' dir='ltr'><em>Ἀντιοχεύς</em></span> <span class='ocrx_word' id='word_1_154' title='bbox 297 2185 308 2217; x_wconf 96' lang='grc'><em>,</em></span> <span class='ocrx_word' id='word_1_155' title='bbox 334 2136 380 2203; x_wconf 83' lang='grc' dir='ltr'><strong>ὅτι</strong></span> <span class='ocrx_word' id='word_1_156' title='bbox 398 2141 439 2214; x_wconf 78' lang='grc' dir='ltr'><strong>εἷς</strong></span> <span class='ocrx_word' id='word_1_157' title='bbox 455 2138 490 2202; x_wconf 82' lang='grc' dir='ltr'><em>τὸ</em></span> <span class='ocrx_word' id='word_1_158' title='bbox 507 2141 713 2223; x_wconf 78' lang='grc' dir='ltr'><em>σιγματοειὸἓς</em></span> <span class='ocrx_word' id='word_1_159' title='bbox 729 2146 784 2205; x_wconf 84' lang='grc' dir='ltr'><em>τοῦ</em></span> <span class='ocrx_word' id='word_1_160' title='bbox 799 2141 914 2223; x_wconf 84' lang='grc' dir='ltr'><em>τείχους</em></span> <span class='ocrx_word' id='word_1_161' title='bbox 932 2134 1011 2221; x_wconf 81' lang='grc' dir='ltr'><em>είχον</em></span> <span class='ocrx_word' id='word_1_162' title='bbox 1028 2136 1102 2215; x_wconf 65' lang='grc' dir='ltr'><em>ἔθος</em></span> <span class='ocrx_word' id='word_1_163' title='bbox 1117 2144 1227 2203; x_wconf 85' lang='grc' dir='ltr'><em>πωλεῖν</em></span> 
     </span>
     <span class='ocr_line' id='line_1_19' title="bbox 122 2237 1227 2330; baseline 0.002 -26"><span class='ocrx_word' id='word_1_164' title='bbox 122 2239 198 2318; x_wconf 77' lang='grc' dir='ltr'><em>τοιλς</em></span> <span class='ocrx_word' id='word_1_165' title='bbox 219 2237 316 2324; x_wconf 76' lang='grc' dir='ltr'><em>βόας,</em></span> <span class='ocrx_word' id='word_1_166' title='bbox 342 2239 361 2307; x_wconf 78' lang='grc' dir='ltr'><em>ό</em></span> <span class='ocrx_word' id='word_1_167' title='bbox 384 2243 436 2307; x_wconf 82' lang='grc' dir='ltr'><strong>καὶ</strong></span> <span class='ocrx_word' id='word_1_168' title='bbox 459 2240 576 2329; x_wconf 78' lang='grc' dir='ltr'><em>ἐκράτει</em></span> <span class='ocrx_word' id='word_1_169' title='bbox 599 2244 689 2330; x_wconf 71' lang='grc' dir='ltr'><em>μέχρι</em></span> <span class='ocrx_word' id='word_1_170' title='bbox 711 2250 767 2308; x_wconf 75' lang='lat' dir='ltr'><strong>rosi</strong></span> <span class='ocrx_word' id='word_1_171' title='bbox 790 2238 1007 2328; x_wconf 68' lang='lat' dir='ltr'><strong>serpentinos,</strong></span> <span class='ocrx_word' id='word_1_172' title='bbox 1034 2237 1076 2318; x_wconf 79' lang='grc' dir='ltr'><strong>εἷς</strong></span> <span class='ocrx_word' id='word_1_173' title='bbox 1099 2242 1135 2306; x_wconf 79' lang='grc' dir='ltr'><em>(λε’</em></span> <span class='ocrx_word' id='word_1_174' title='bbox 1154 2267 1227 2307; x_wconf 90' lang='grc' dir='ltr'><em>ποτε</em></span> 
     </span>
    </p>
   </div>
   <div class='ocr_carea' id='block_1_3' title="bbox 193 2439 1225 2574">
    <p class='ocr_par' dir='ltr' id='par_1_3' title="bbox 193 2439 1225 2574">
     <span class='ocr_line' id='line_1_20' title="bbox 193 2439 1225 2574; baseline 0.001 -66"><span class='ocrx_word' id='word_1_175' title='bbox 193 2452 210 2508; x_wconf 94' lang='lat' dir='ltr'>l</span> <span class='ocrx_word' id='word_1_176' title='bbox 228 2469 257 2523; x_wconf 89' lang='lat' dir='ltr'><strong>p.</strong></span> <span class='ocrx_word' id='word_1_177' title='bbox 275 2449 310 2505; x_wconf 79' lang='lat'><strong>28</strong></span> <span class='ocrx_word' id='word_1_178' title='bbox 327 2449 412 2506; x_wconf 87' lang='lat' dir='ltr'><strong>Band.</strong></span> <span class='ocrx_word' id='word_1_179' title='bbox 541 2451 559 2505; x_wconf 70' lang='grc' dir='ltr'><em>λ</em></span> <span class='ocrx_word' id='word_1_180' title='bbox 576 2443 606 2506; x_wconf 83' lang='grc' dir='ltr'><em>ίν</em></span> <span class='ocrx_word' id='word_1_181' title='bbox 624 2445 777 2574; x_wconf 46' lang='grc' dir='ltr'><em>δλχέκεῖσε</em></span> <span class='ocrx_word' id='word_1_182' title='bbox 793 2439 829 2521; x_wconf 81' lang='grc' dir='ltr'><em>ἦν</em></span> <span class='ocrx_word' id='word_1_183' title='bbox 846 2446 1044 2518; x_wconf 75' lang='grc' dir='ltr'><em>ἀναγινώσκων</em></span> <span class='ocrx_word' id='word_1_184' title='bbox 1060 2447 1174 2522; x_wconf 80' lang='grc' dir='ltr'><em>Μιχαὴλ</em></span> <span class='ocrx_word' id='word_1_185' title='bbox 1192 2455 1225 2509; x_wconf 75' lang='grc' dir='ltr'><strong>(λ.</strong></span> 
     </span>
    </p>
   </div>
   <div class='ocr_carea' id='block_1_4' title="bbox 191 2516 1227 3008">
    <p class='ocr_par' dir='ltr' id='par_1_4' title="bbox 191 2516 1227 3008">
     <span class='ocr_line' id='line_1_21' title="bbox 193 2516 1225 2592; baseline -0.003 -13"><span class='ocrx_word' id='word_1_186' title='bbox 193 2519 255 2591; x_wconf 79' lang='lat' dir='ltr'><strong>7p.</strong></span> <span class='ocrx_word' id='word_1_187' title='bbox 273 2521 308 2576; x_wconf 73' lang='lat'><strong>28</strong></span> <span class='ocrx_word' id='word_1_188' title='bbox 324 2522 407 2576; x_wconf 85' lang='lat' dir='ltr'><strong>Band.</strong></span> <span class='ocrx_word' id='word_1_189' title='bbox 511 2520 546 2576; x_wconf 84' lang='lat'><strong>16</strong></span> <span class='ocrx_word' id='word_1_190' title='bbox 564 2540 591 2592; x_wconf 89' lang='lat' dir='ltr'><strong>p.</strong></span> <span class='ocrx_word' id='word_1_191' title='bbox 610 2521 644 2575; x_wconf 76' lang='lat'><strong>29</strong></span> <span class='ocrx_word' id='word_1_192' title='bbox 685 2519 746 2576; x_wconf 85' lang='lat' dir='ltr'><strong>and.</strong></span> <span class='ocrx_word' id='word_1_193' title='bbox 855 2520 920 2587; x_wconf 81' lang='grc' dir='ltr'><em>περὶ</em></span> <span class='ocrx_word' id='word_1_194' title='bbox 936 2516 985 2590; x_wconf 73' lang='lat' dir='ltr'><strong>al]</strong></span> <span class='ocrx_word' id='word_1_195' title='bbox 1003 2516 1048 2575; x_wconf 83' lang='grc' dir='ltr'><strong>ότι</strong></span> <span class='ocrx_word' id='word_1_196' title='bbox 1064 2517 1097 2576; x_wconf 84' lang='grc' dir='ltr'><em>τό</em></span> <span class='ocrx_word' id='word_1_197' title='bbox 1118 2519 1225 2576; x_wconf 89' lang='grc' dir='ltr'><em>Βοσπό-</em></span> 
     </span>
     <span class='ocr_line' id='line_1_22' title="bbox 191 2583 1226 2660; baseline 0.002 -17"><span class='ocrx_word' id='word_1_198' title='bbox 191 2609 271 2656; x_wconf 84' lang='grc' dir='ltr'><em>ριον,</em></span> <span class='ocrx_word' id='word_1_199' title='bbox 296 2587 395 2652; x_wconf 75' lang='grc' dir='ltr'><em>καθώς</em></span> <span class='ocrx_word' id='word_1_200' title='bbox 417 2605 503 2657; x_wconf 82' lang='grc' dir='ltr'><em>φησιν</em></span> <span class='ocrx_word' id='word_1_201' title='bbox 522 2585 657 2659; x_wconf 84' lang='grc' dir='ltr'><em>Ἰωάννης</em></span> <span class='ocrx_word' id='word_1_202' title='bbox 680 2585 696 2643; x_wconf 83' lang='grc' dir='ltr'><em>ἁ</em></span> <span class='ocrx_word' id='word_1_203' title='bbox 719 2583 877 2660; x_wconf 72' lang='grc' dir='ltr'><em>Ἀντιοχεύς,</em></span> <span class='ocrx_word' id='word_1_204' title='bbox 903 2584 950 2644; x_wconf 78' lang='grc' dir='ltr'><strong>ὅτε</strong></span> <span class='ocrx_word' id='word_1_205' title='bbox 974 2585 1063 2655; x_wconf 81' lang='grc' dir='ltr'><em>Βόζας</em></span> <span class='ocrx_word' id='word_1_206' title='bbox 1084 2586 1172 2645; x_wconf 75' lang='grc' dir='ltr'><em>ἔκτισε</em></span> <span class='ocrx_word' id='word_1_207' title='bbox 1192 2587 1226 2645; x_wconf 79' lang='grc' dir='ltr'><em>τὸ</em></span> 
     </span>
     <span class='ocr_line' id='line_1_23' title="bbox 191 2653 1227 2730; baseline 0.001 -17"><span class='ocrx_word' id='word_1_208' title='bbox 191 2657 360 2727; x_wconf 80' lang='grc' dir='ltr'><em>Βυζάντιον,</em></span> <span class='ocrx_word' id='word_1_209' title='bbox 386 2659 454 2730; x_wconf 78' lang='grc' dir='ltr'><em>βοῦν</em></span> <span class='ocrx_word' id='word_1_210' title='bbox 479 2655 636 2713; x_wconf 81' lang='grc' dir='ltr'><em>ἀπέστειλεν</em></span> <span class='ocrx_word' id='word_1_211' title='bbox 659 2653 716 2712; x_wconf 79' lang='grc' dir='ltr'><strong>ἀπὸ</strong></span> <span class='ocrx_word' id='word_1_212' title='bbox 741 2661 791 2713; x_wconf 82' lang='grc' dir='ltr'><em>τοῦ</em></span> <span class='ocrx_word' id='word_1_213' title='bbox 814 2659 1003 2728; x_wconf 77' lang='grc' dir='ltr'><em>προσφορίου,</em></span> <span class='ocrx_word' id='word_1_214' title='bbox 1030 2659 1079 2714; x_wconf 81' lang='grc' dir='ltr'><strong>καί</strong></span> <span class='ocrx_word' id='word_1_215' title='bbox 1097 2654 1227 2729; x_wconf 80' lang='grc' dir='ltr'><em>ἀπῆλθεν</em></span> 
     </span>
     <span class='ocr_line' id='line_1_24' title="bbox 191 2722 1225 2796; baseline -0.001 -14"><span class='ocrx_word' id='word_1_216' title='bbox 191 2727 234 2790; x_wconf 87' lang='grc' dir='ltr'><strong>είς</strong></span> <span class='ocrx_word' id='word_1_217' title='bbox 248 2729 437 2794; x_wconf 81' lang='grc' dir='ltr'><em>Χρυσόπολιν,</em></span> <span class='ocrx_word' id='word_1_218' title='bbox 454 2728 503 2782; x_wconf 79' lang='grc' dir='ltr'><strong>καὶ</strong></span> <span class='ocrx_word' id='word_1_219' title='bbox 521 2725 609 2790; x_wconf 77' lang='grc' dir='ltr'><em>οὕτως</em></span> <span class='ocrx_word' id='word_1_220' title='bbox 625 2722 670 2780; x_wconf 81' lang='grc' dir='ltr'><strong>ίκλ</strong></span> <span class='ocrx_word' id='word_1_221' title='bbox 683 2726 732 2796; x_wconf 79' lang='grc' dir='ltr'><strong>’θη</strong></span> <span class='ocrx_word' id='word_1_222' title='bbox 749 2725 916 2795; x_wconf 86' lang='grc' dir='ltr'><em>Βοσπόριον.</em></span> <span class='ocrx_word' id='word_1_223' title='bbox 942 2725 1001 2782; x_wconf 76' lang='grc' dir='ltr'><em>ἐκεῖ</em></span> <span class='ocrx_word' id='word_1_224' title='bbox 1016 2725 1048 2781; x_wconf 70' lang='grc' dir='ltr'><strong>δὲ</strong></span> <span class='ocrx_word' id='word_1_225' title='bbox 1067 2725 1225 2784; x_wconf 66' lang='lat' dir='ltr'><strong>teotonem</strong></span> 
     </span>
     <span class='ocr_line' id='line_1_25' title="bbox 193 2747 1224 2883; baseline 0.002 -33"><span class='ocrx_word' id='word_1_226' title='bbox 193 2794 224 2850; x_wconf 80' lang='lat' dir='ltr'><strong>oi</strong></span> <span class='ocrx_word' id='word_1_227' title='bbox 242 2796 381 2883; x_wconf 48' lang='lat' dir='ltr'><strong>peransei</strong></span> <span class='ocrx_word' id='word_1_228' title='bbox 402 2794 443 2860; x_wconf 78' lang='grc' dir='ltr'><em>τίς</em></span> <span class='ocrx_word' id='word_1_229' title='bbox 465 2747 710 2882; x_wconf 24' lang='grc' dir='ltr'><em>τόκοιγματοειόὰς</em></span> <span class='ocrx_word' id='word_1_230' title='bbox 734 2802 824 2883; x_wconf 58' lang='grc' dir='ltr'><em>τείχος</em></span> <span class='ocrx_word' id='word_1_231' title='bbox 843 2794 922 2866; x_wconf 83' lang='grc' dir='ltr'><em>μέχρι</em></span> <span class='ocrx_word' id='word_1_232' title='bbox 945 2797 997 2851; x_wconf 85' lang='grc' dir='ltr'><em>τοῦ</em></span> <span class='ocrx_word' id='word_1_233' title='bbox 1018 2797 1224 2866; x_wconf 83' lang='grc' dir='ltr'><em>Κοπρωνόμου.</em></span> 
     </span>
     <span class='ocr_line' id='line_1_26' title="bbox 193 2859 1226 3008; baseline 0.001 -89"><span class='ocrx_word' id='word_1_234' title='bbox 193 2859 299 2988; x_wconf 41' lang='lat' dir='ltr'><strong>&amp;voe</strong></span> <span class='ocrx_word' id='word_1_235' title='bbox 316 2863 849 3008; x_wconf 49' lang='grc' dir='ltr'><em>ωριτερῚεήςιγρρντῖῐρρροκνθιὲτωλεισθαι.</em></span> <span class='ocrx_word' id='word_1_236' title='bbox 876 2869 909 2921; x_wconf 81' lang='lat'><strong>0.</strong></span> <span class='ocrx_word' id='word_1_237' title='bbox 1047 2869 1226 2936; x_wconf 85' lang='grc' dir='ltr'><em>προσφορίου</em></span> 
     </span>
    </p>
   </div>
   <div class='ocr_carea' id='block_1_5' title="bbox 118 3120 1227 4379">
    <p class='ocr_par' dir='ltr' id='par_1_5' title="bbox 121 3120 1227 3524">
     <span class='ocr_line' id='line_1_27' title="bbox 228 3120 1227 3194; baseline 0.002 -19"><span class='ocrx_word' id='word_1_238' title='bbox 228 3120 367 3192; x_wconf 82' lang='lat' dir='ltr'><strong>Templum</strong></span> <span class='ocrx_word' id='word_1_239' title='bbox 395 3121 465 3174; x_wconf 84' lang='lat' dir='ltr'><strong>sacri</strong></span> <span class='ocrx_word' id='word_1_240' title='bbox 493 3122 633 3176; x_wconf 88' lang='lat' dir='ltr'><strong>conditorii</strong></span> <span class='ocrx_word' id='word_1_241' title='bbox 658 3120 686 3175; x_wconf 92' lang='lat' dir='ltr'><strong>in</strong></span> <span class='ocrx_word' id='word_1_242' title='bbox 715 3121 909 3192; x_wconf 79' lang='lat' dir='ltr'><strong>Chaleopratiis</strong></span> <span class='ocrx_word' id='word_1_243' title='bbox 932 3123 1049 3177; x_wconf 83' lang='lat' dir='ltr'><strong>Iustinus</strong></span> <span class='ocrx_word' id='word_1_244' title='bbox 1075 3129 1103 3176; x_wconf 86' lang='lat' dir='ltr'><strong>et</strong></span> <span class='ocrx_word' id='word_1_245' title='bbox 1127 3123 1227 3194; x_wconf 80' lang='lat' dir='ltr'><strong>Sophia</strong></span> 
     </span>
     <span class='ocr_line' id='line_1_28' title="bbox 121 3191 1226 3262; baseline -0.001 -15"><span class='ocrx_word' id='word_1_246' title='bbox 121 3192 308 3247; x_wconf 84' lang='lat' dir='ltr'><strong>aedificarunt.</strong></span> <span class='ocrx_word' id='word_1_247' title='bbox 344 3193 371 3244; x_wconf 92' lang='lat' dir='ltr'><strong>in</strong></span> <span class='ocrx_word' id='word_1_248' title='bbox 396 3191 489 3258; x_wconf 85' lang='lat' dir='ltr'><strong>vigilia</strong></span> <span class='ocrx_word' id='word_1_249' title='bbox 514 3200 600 3244; x_wconf 88' lang='lat' dir='ltr'><strong>sutem</strong></span> <span class='ocrx_word' id='word_1_250' title='bbox 624 3192 674 3244; x_wconf 89' lang='lat' dir='ltr'><strong>viri</strong></span> <span class='ocrx_word' id='word_1_251' title='bbox 699 3193 787 3260; x_wconf 77' lang='lat' dir='ltr'><strong>magni</strong></span> <span class='ocrx_word' id='word_1_252' title='bbox 809 3194 935 3247; x_wconf 88' lang='lat' dir='ltr'><strong>lectorum</strong></span> <span class='ocrx_word' id='word_1_253' title='bbox 959 3194 1046 3246; x_wconf 77' lang='lat' dir='ltr'><strong>officio</strong></span> <span class='ocrx_word' id='word_1_254' title='bbox 1069 3194 1108 3248; x_wconf 90' lang='lat' dir='ltr'><strong>ibi</strong></span> <span class='ocrx_word' id='word_1_255' title='bbox 1131 3197 1226 3262; x_wconf 77' lang='lat' dir='ltr'><strong>iunge·</strong></span> 
     </span>
     <span class='ocr_line' id='line_1_29' title="bbox 122 3259 1227 3336; baseline -0.001 -20"><span class='ocrx_word' id='word_1_256' title='bbox 122 3265 236 3328; x_wconf 87' lang='lat' dir='ltr'><strong>bantur,</strong></span> <span class='ocrx_word' id='word_1_257' title='bbox 254 3279 345 3330; x_wconf 87' lang='lat' dir='ltr'>nempe</span> <span class='ocrx_word' id='word_1_258' title='bbox 362 3260 475 3314; x_wconf 88' lang='lat' dir='ltr'><strong>Michael</strong></span> <span class='ocrx_word' id='word_1_259' title='bbox 489 3259 616 3330; x_wconf 86' lang='lat' dir='ltr'><strong>Rangabe</strong></span> <span class='ocrx_word' id='word_1_260' title='bbox 630 3262 795 3331; x_wconf 86' lang='lat' dir='ltr'><strong>curopalata,</strong></span> <span class='ocrx_word' id='word_1_261' title='bbox 814 3271 952 3331; x_wconf 79' lang='lat' dir='ltr'><strong>antequam</strong></span> <span class='ocrx_word' id='word_1_262' title='bbox 964 3264 1074 3336; x_wconf 90' lang='lat' dir='ltr'><strong>imperio</strong></span> <span class='ocrx_word' id='word_1_263' title='bbox 1086 3264 1227 3333; x_wconf 88' lang='lat' dir='ltr'><strong>potiretur,</strong></span> 
     </span>
     <span class='ocr_line' id='line_1_30' title="bbox 122 3327 1226 3404; baseline 0.002 -20"><span class='ocrx_word' id='word_1_264' title='bbox 122 3339 152 3384; x_wconf 87' lang='lat' dir='ltr'><strong>et</strong></span> <span class='ocrx_word' id='word_1_265' title='bbox 172 3332 273 3384; x_wconf 87' lang='lat' dir='ltr'><strong>Bardas</strong></span> <span class='ocrx_word' id='word_1_266' title='bbox 293 3332 406 3398; x_wconf 84' lang='lat' dir='ltr'><strong>Caesar,</strong></span> <span class='ocrx_word' id='word_1_267' title='bbox 433 3337 541 3400; x_wconf 88' lang='lat' dir='ltr'><strong>patruus</strong></span> <span class='ocrx_word' id='word_1_268' title='bbox 559 3327 698 3384; x_wconf 81' lang='lat' dir='ltr'><strong>Michaelis</strong></span> <span class='ocrx_word' id='word_1_269' title='bbox 714 3331 763 3383; x_wconf 88' lang='lat' dir='ltr'><strong>hlii</strong></span> <span class='ocrx_word' id='word_1_270' title='bbox 780 3332 936 3404; x_wconf 80' lang='lat' dir='ltr'><strong>Theophili,</strong></span> <span class='ocrx_word' id='word_1_271' title='bbox 963 3339 991 3386; x_wconf 87' lang='lat' dir='ltr'><strong>et</strong></span> <span class='ocrx_word' id='word_1_272' title='bbox 1008 3335 1154 3404; x_wconf 74' lang='lat' dir='ltr'><strong>complures</strong></span> <span class='ocrx_word' id='word_1_273' title='bbox 1171 3351 1226 3386; x_wconf 90' lang='lat' dir='ltr'><strong>ma-</strong></span> 
     </span>
     <span class='ocr_line' id='line_1_31' title="bbox 123 3400 1227 3474; baseline 0.004 -22"><span class='ocrx_word' id='word_1_274' title='bbox 123 3401 213 3469; x_wconf 80' lang='lat' dir='ltr'><strong>gistri.</strong></span> <span class='ocrx_word' id='word_1_275' title='bbox 248 3400 287 3453; x_wconf 90' lang='lat' dir='ltr'><strong>ibi</strong></span> <span class='ocrx_word' id='word_1_276' title='bbox 314 3400 382 3453; x_wconf 90' lang='lat' dir='ltr'><strong>enim</strong></span> <span class='ocrx_word' id='word_1_277' title='bbox 408 3400 529 3470; x_wconf 86' lang='lat' dir='ltr'><strong>deposita</strong></span> <span class='ocrx_word' id='word_1_278' title='bbox 551 3406 593 3452; x_wconf 86' lang='lat' dir='ltr'><strong>est</strong></span> <span class='ocrx_word' id='word_1_279' title='bbox 615 3403 767 3454; x_wconf 87' lang='lat' dir='ltr'><strong>veneranda</strong></span> <span class='ocrx_word' id='word_1_280' title='bbox 790 3419 857 3457; x_wconf 84' lang='lat' dir='ltr'><strong>zona</strong></span> <span class='ocrx_word' id='word_1_281' title='bbox 882 3409 911 3455; x_wconf 84' lang='lat' dir='ltr'><strong>et</strong></span> <span class='ocrx_word' id='word_1_282' title='bbox 934 3401 1017 3457; x_wconf 88' lang='lat' dir='ltr'><strong>vestis</strong></span> <span class='ocrx_word' id='word_1_283' title='bbox 1035 3405 1066 3457; x_wconf 88' lang='lat' dir='ltr'><strong>S.</strong></span> <span class='ocrx_word' id='word_1_284' title='bbox 1085 3405 1227 3474; x_wconf 78' lang='lat' dir='ltr'><strong>deiparae:</strong></span> 
     </span>
     <span class='ocr_line' id='line_1_32' title="bbox 121 3469 730 3524; baseline -0.005 0"><span class='ocrx_word' id='word_1_285' title='bbox 121 3469 255 3524; x_wconf 82' lang='lat' dir='ltr'><strong>humerale</strong></span> <span class='ocrx_word' id='word_1_286' title='bbox 272 3487 335 3523; x_wconf 88' lang='lat' dir='ltr'><strong>vero</strong></span> <span class='ocrx_word' id='word_1_287' title='bbox 353 3471 382 3522; x_wconf 89' lang='lat' dir='ltr'><strong>in</strong></span> <span class='ocrx_word' id='word_1_288' title='bbox 397 3469 551 3522; x_wconf 84' lang='lat' dir='ltr'><strong>Blachernis</strong></span> <span class='ocrx_word' id='word_1_289' title='bbox 568 3478 730 3522; x_wconf 85' lang='lat' dir='ltr'><strong>asservatur.</strong></span> 
     </span>
    </p>

    <p class='ocr_par' dir='ltr' id='par_1_6' title="bbox 121 3539 1227 3958">
     <span class='ocr_line' id='line_1_33' title="bbox 226 3539 1227 3610; baseline 0.002 -18"><span class='ocrx_word' id='word_1_290' title='bbox 226 3541 313 3610; x_wconf 88' lang='lat' dir='ltr'><strong>Prope</strong></span> <span class='ocrx_word' id='word_1_291' title='bbox 337 3539 512 3609; x_wconf 86' lang='lat' dir='ltr'><strong>supradictum</strong></span> <span class='ocrx_word' id='word_1_292' title='bbox 536 3543 657 3608; x_wconf 90' lang='lat' dir='ltr'><strong>templum</strong></span> <span class='ocrx_word' id='word_1_293' title='bbox 681 3541 749 3592; x_wconf 89' lang='lat' dir='ltr'><strong>idem</strong></span> <span class='ocrx_word' id='word_1_294' title='bbox 773 3539 918 3610; x_wconf 88' lang='lat' dir='ltr'><strong>imperator</strong></span> <span class='ocrx_word' id='word_1_295' title='bbox 935 3541 1070 3594; x_wconf 87' lang='lat' dir='ltr'><strong>ecclesiam</strong></span> <span class='ocrx_word' id='word_1_296' title='bbox 1088 3541 1119 3595; x_wconf 87' lang='lat' dir='ltr'><strong>S.</strong></span> <span class='ocrx_word' id='word_1_297' title='bbox 1136 3540 1227 3594; x_wconf 87' lang='lat' dir='ltr'><strong>Iacobi</strong></span> 
     </span>
     <span class='ocr_line' id='line_1_34' title="bbox 122 3608 1227 3680; baseline 0 -18"><span class='ocrx_word' id='word_1_298' title='bbox 122 3609 272 3676; x_wconf 80' lang='lat' dir='ltr'><strong>exstruxit,</strong></span> <span class='ocrx_word' id='word_1_299' title='bbox 298 3609 343 3662; x_wconf 91' lang='lat' dir='ltr'><strong>ubi</strong></span> <span class='ocrx_word' id='word_1_300' title='bbox 366 3609 464 3662; x_wconf 86' lang='lat' dir='ltr'><strong>suisio</strong></span> <span class='ocrx_word' id='word_1_301' title='bbox 483 3608 636 3661; x_wconf 89' lang='lat' dir='ltr'><strong>conditoriis</strong></span> <span class='ocrx_word' id='word_1_302' title='bbox 654 3618 825 3662; x_wconf 83' lang='lat' dir='ltr'><strong>asservantur</strong></span> <span class='ocrx_word' id='word_1_303' title='bbox 841 3611 968 3680; x_wconf 83' lang='lat' dir='ltr'><strong>reliquiae</strong></span> <span class='ocrx_word' id='word_1_304' title='bbox 984 3619 1134 3664; x_wconf 87' lang='lat' dir='ltr'><strong>sanctorum</strong></span> <span class='ocrx_word' id='word_1_305' title='bbox 1152 3612 1227 3662; x_wconf 92' lang='lat' dir='ltr'><strong>inne-</strong></span> 
     </span>
     <span class='ocr_line' id='line_1_35' title="bbox 122 3677 1227 3749; baseline 0.001 -18"><span class='ocrx_word' id='word_1_306' title='bbox 122 3680 237 3731; x_wconf 87' lang='lat' dir='ltr'><strong>centium</strong></span> <span class='ocrx_word' id='word_1_307' title='bbox 254 3687 283 3732; x_wconf 89' lang='lat' dir='ltr'><strong>et</strong></span> <span class='ocrx_word' id='word_1_308' title='bbox 299 3677 428 3731; x_wconf 81' lang='lat' dir='ltr'><strong>Simeonis</strong></span> <span class='ocrx_word' id='word_1_309' title='bbox 446 3678 601 3730; x_wconf 89' lang='lat' dir='ltr'><strong>Theodochi</strong></span> <span class='ocrx_word' id='word_1_310' title='bbox 618 3686 646 3730; x_wconf 87' lang='lat' dir='ltr'><strong>et</strong></span> <span class='ocrx_word' id='word_1_311' title='bbox 662 3680 806 3749; x_wconf 87' lang='lat' dir='ltr'><strong>prophetae</strong></span> <span class='ocrx_word' id='word_1_312' title='bbox 823 3679 970 3734; x_wconf 83' lang='lat' dir='ltr'><strong>Zachariae</strong></span> <span class='ocrx_word' id='word_1_313' title='bbox 989 3689 1016 3734; x_wconf 93' lang='lat' dir='ltr'><strong>et</strong></span> <span class='ocrx_word' id='word_1_314' title='bbox 1031 3681 1122 3733; x_wconf 87' lang='lat' dir='ltr'><strong>Iacobi</strong></span> <span class='ocrx_word' id='word_1_315' title='bbox 1135 3679 1227 3734; x_wconf 80' lang='lat' dir='ltr'><strong>fratris</strong></span> 
     </span>
     <span class='ocr_line' id='line_1_36' title="bbox 123 3746 1227 3821; baseline 0.001 -21"><span class='ocrx_word' id='word_1_316' title='bbox 123 3747 235 3800; x_wconf 83' lang='lat' dir='ltr'><strong>Christi.</strong></span> <span class='ocrx_word' id='word_1_317' title='bbox 272 3757 404 3801; x_wconf 89' lang='lat' dir='ltr'><strong>caeterum</strong></span> <span class='ocrx_word' id='word_1_318' title='bbox 426 3746 454 3800; x_wconf 90' lang='lat' dir='ltr'><strong>in</strong></span> <span class='ocrx_word' id='word_1_319' title='bbox 477 3748 571 3800; x_wconf 87' lang='lat' dir='ltr'><strong>dextra</strong></span> <span class='ocrx_word' id='word_1_320' title='bbox 593 3755 670 3816; x_wconf 87' lang='lat' dir='ltr'><strong>parte</strong></span> <span class='ocrx_word' id='word_1_321' title='bbox 687 3749 756 3801; x_wconf 87' lang='lat' dir='ltr'><strong>sacri</strong></span> <span class='ocrx_word' id='word_1_322' title='bbox 775 3751 914 3803; x_wconf 89' lang='lat' dir='ltr'><strong>conditorii</strong></span> <span class='ocrx_word' id='word_1_323' title='bbox 930 3749 1016 3820; x_wconf 87' lang='lat' dir='ltr'><strong>posita</strong></span> <span class='ocrx_word' id='word_1_324' title='bbox 1033 3759 1095 3803; x_wconf 91' lang='lat' dir='ltr'><strong>sunt</strong></span> <span class='ocrx_word' id='word_1_325' title='bbox 1113 3765 1227 3821; x_wconf 85' lang='lat' dir='ltr'><strong>corpora</strong></span> 
     </span>
     <span class='ocr_line' id='line_1_37' title="bbox 121 3817 1226 3892; baseline -0.002 -22"><span class='ocrx_word' id='word_1_326' title='bbox 121 3823 271 3870; x_wconf 85' lang='lat' dir='ltr'><strong>sanctarum</strong></span> <span class='ocrx_word' id='word_1_327' title='bbox 290 3818 440 3883; x_wconf 85' lang='lat' dir='ltr'><strong>mulierum,</strong></span> <span class='ocrx_word' id='word_1_328' title='bbox 469 3833 537 3886; x_wconf 88' lang='lat' dir='ltr'><strong>quae</strong></span> <span class='ocrx_word' id='word_1_329' title='bbox 555 3825 690 3886; x_wconf 86' lang='lat' dir='ltr'><strong>unguenta</strong></span> <span class='ocrx_word' id='word_1_330' title='bbox 707 3818 739 3870; x_wconf 90' lang='lat' dir='ltr'><strong>sd</strong></span> <span class='ocrx_word' id='word_1_331' title='bbox 758 3817 859 3872; x_wconf 84' lang='lat' dir='ltr'><strong>Christi</strong></span> <span class='ocrx_word' id='word_1_332' title='bbox 876 3822 1025 3892; x_wconf 88' lang='lat' dir='ltr'><strong>sepulcrum</strong></span> <span class='ocrx_word' id='word_1_333' title='bbox 1042 3822 1172 3885; x_wconf 87' lang='lat' dir='ltr'><strong>tulerunt,</strong></span> <span class='ocrx_word' id='word_1_334' title='bbox 1199 3817 1226 3868; x_wconf 91' lang='lat' dir='ltr'><strong>in</strong></span> 
     </span>
     <span class='ocr_line' id='line_1_38' title="bbox 121 3885 785 3958; baseline 0 -18"><span class='ocrx_word' id='word_1_335' title='bbox 121 3885 231 3940; x_wconf 78' lang='lat' dir='ltr'><strong>sinistra</strong></span> <span class='ocrx_word' id='word_1_336' title='bbox 250 3905 314 3940; x_wconf 86' lang='lat' dir='ltr'><strong>vere</strong></span> <span class='ocrx_word' id='word_1_337' title='bbox 332 3904 405 3938; x_wconf 88' lang='lat' dir='ltr'><strong>coma</strong></span> <span class='ocrx_word' id='word_1_338' title='bbox 422 3887 454 3938; x_wconf 88' lang='lat' dir='ltr'><strong>B.</strong></span> <span class='ocrx_word' id='word_1_339' title='bbox 472 3886 577 3939; x_wconf 86' lang='lat' dir='ltr'><strong>Ioannis</strong></span> <span class='ocrx_word' id='word_1_340' title='bbox 593 3889 785 3958; x_wconf 88' lang='lat' dir='ltr'><strong>praecursoris.</strong></span> 
     </span>
    </p>

    <p class='ocr_par' dir='ltr' id='par_1_7' title="bbox 121 3956 1227 4097">
     <span class='ocr_line' id='line_1_39' title="bbox 226 3956 1227 4030; baseline -0.003 -20"><span class='ocrx_word' id='word_1_341' title='bbox 226 3957 353 4010; x_wconf 83' lang='lat' dir='ltr'><strong>Thermas</strong></span> <span class='ocrx_word' id='word_1_342' title='bbox 378 3956 503 4008; x_wconf 86' lang='lat' dir='ltr'><strong>Germani</strong></span> <span class='ocrx_word' id='word_1_343' title='bbox 528 3958 688 4026; x_wconf 89' lang='lat' dir='ltr'><strong>Germanus,</strong></span> <span class='ocrx_word' id='word_1_344' title='bbox 717 3958 761 4028; x_wconf 93' lang='lat' dir='ltr'><strong>qui</strong></span> <span class='ocrx_word' id='word_1_345' title='bbox 779 3957 829 4010; x_wconf 89' lang='lat' dir='ltr'><strong>sub</strong></span> <span class='ocrx_word' id='word_1_346' title='bbox 846 3957 1032 4012; x_wconf 91' lang='lat' dir='ltr'><strong>Valentiniano</strong></span> <span class='ocrx_word' id='word_1_347' title='bbox 1049 3963 1158 4030; x_wconf 90' lang='lat' dir='ltr'><strong>praetor</strong></span> <span class='ocrx_word' id='word_1_348' title='bbox 1174 3956 1227 4024; x_wconf 83' lang='lat' dir='ltr'><strong>¹fuit</strong></span> 
     </span>
     <span class='ocr_line' id='line_1_40' title="bbox 121 4022 893 4097; baseline 0.006 -21"><span class='ocrx_word' id='word_1_349' title='bbox 121 4022 308 4097; x_wconf 85' lang='lat' dir='ltr'><strong>Peloponnesi,</strong></span> <span class='ocrx_word' id='word_1_350' title='bbox 324 4025 468 4091; x_wconf 78' lang='lat' dir='ltr'><strong>exstruxit,</strong></span> <span class='ocrx_word' id='word_1_351' title='bbox 487 4026 557 4094; x_wconf 92' lang='lat' dir='ltr'><strong>quod</strong></span> <span class='ocrx_word' id='word_1_352' title='bbox 574 4027 664 4080; x_wconf 89' lang='lat' dir='ltr'><strong>domus</strong></span> <span class='ocrx_word' id='word_1_353' title='bbox 682 4027 739 4080; x_wconf 89' lang='lat' dir='ltr'><strong>eius</strong></span> <span class='ocrx_word' id='word_1_354' title='bbox 757 4027 796 4080; x_wconf 91' lang='lat' dir='ltr'><strong>ibi</strong></span> <span class='ocrx_word' id='word_1_355' title='bbox 813 4035 893 4081; x_wconf 87' lang='lat' dir='ltr'><strong>esset.</strong></span> 
     </span>
    </p>

    <p class='ocr_par' dir='ltr' id='par_1_8' title="bbox 118 4093 1225 4379">
     <span class='ocr_line' id='line_1_41' title="bbox 225 4093 1223 4166; baseline 0 -19"><span class='ocrx_word' id='word_1_356' title='bbox 225 4095 266 4147; x_wconf 90' lang='lat' dir='ltr'><strong>De</strong></span> <span class='ocrx_word' id='word_1_357' title='bbox 281 4095 402 4166; x_wconf 88' lang='lat' dir='ltr'><strong>Bosporii</strong></span> <span class='ocrx_word' id='word_1_358' title='bbox 417 4101 509 4166; x_wconf 84' lang='lat' dir='ltr'><strong>portus</strong></span> <span class='ocrx_word' id='word_1_359' title='bbox 526 4095 737 4149; x_wconf 86' lang='lat' dir='ltr'><strong>denominatione</strong></span> <span class='ocrx_word' id='word_1_360' title='bbox 753 4099 837 4150; x_wconf 85' lang='lat' dir='ltr'><strong>refert</strong></span> <span class='ocrx_word' id='word_1_361' title='bbox 851 4099 966 4150; x_wconf 88' lang='lat' dir='ltr'><strong>Ioannes</strong></span> <span class='ocrx_word' id='word_1_362' title='bbox 982 4096 1176 4160; x_wconf 68' lang='lat' dir='ltr'><strong>antiochenus,</strong></span> <span class='ocrx_word' id='word_1_363' title='bbox 1196 4093 1223 4147; x_wconf 91' lang='lat' dir='ltr'><strong>in</strong></span> 
     </span>
     <span class='ocr_line' id='line_1_42' title="bbox 120 4162 1223 4237; baseline 0.002 -23"><span class='ocrx_word' id='word_1_364' title='bbox 120 4162 167 4215; x_wconf 89' lang='lat' dir='ltr'><strong>illa</strong></span> <span class='ocrx_word' id='word_1_365' title='bbox 191 4165 259 4215; x_wconf 87' lang='lat' dir='ltr'><strong>muri</strong></span> <span class='ocrx_word' id='word_1_366' title='bbox 281 4171 358 4233; x_wconf 87' lang='lat' dir='ltr'><strong>parte</strong></span> <span class='ocrx_word' id='word_1_367' title='bbox 381 4182 450 4234; x_wconf 86' lang='lat' dir='ltr'><strong>quae</strong></span> <span class='ocrx_word' id='word_1_368' title='bbox 472 4181 487 4216; x_wconf 90' lang='lat' dir='ltr'><strong>a</strong></span> <span class='ocrx_word' id='word_1_369' title='bbox 510 4164 679 4220; x_wconf 90' lang='lat' dir='ltr'><strong>similitudine</strong></span> <span class='ocrx_word' id='word_1_370' title='bbox 701 4168 820 4220; x_wconf 84' lang='lat' dir='ltr'><strong>fabricae</strong></span> <span class='ocrx_word' id='word_1_371' title='bbox 844 4167 934 4237; x_wconf 79' lang='lat' dir='ltr'><strong>Signa</strong></span> <span class='ocrx_word' id='word_1_372' title='bbox 957 4170 1123 4234; x_wconf 88' lang='lat' dir='ltr'><strong>nuncupatur</strong></span> <span class='ocrx_word' id='word_1_373' title='bbox 1140 4164 1223 4216; x_wconf 83' lang='lat' dir='ltr'><strong>boves</strong></span> 
     </span>
     <span class='ocr_line' id='line_1_43' title="bbox 120 4231 1224 4308; baseline -0.001 -23"><span class='ocrx_word' id='word_1_374' title='bbox 120 4231 184 4285; x_wconf 90' lang='lat' dir='ltr'><strong>olim</strong></span> <span class='ocrx_word' id='word_1_375' title='bbox 203 4232 332 4300; x_wconf 83' lang='lat' dir='ltr'><strong>veniisse,</strong></span> <span class='ocrx_word' id='word_1_376' title='bbox 361 4235 431 4304; x_wconf 87' lang='lat' dir='ltr'><strong>quod</strong></span> <span class='ocrx_word' id='word_1_377' title='bbox 450 4235 528 4289; x_wconf 88' lang='lat' dir='ltr'><strong>etiam</strong></span> <span class='ocrx_word' id='word_1_378' title='bbox 546 4237 625 4290; x_wconf 88' lang='lat' dir='ltr'><strong>moris</strong></span> <span class='ocrx_word' id='word_1_379' title='bbox 641 4238 695 4290; x_wconf 88' lang='lat' dir='ltr'><strong>fuit</strong></span> <span class='ocrx_word' id='word_1_380' title='bbox 711 4254 795 4308; x_wconf 87' lang='lat' dir='ltr'><strong>usque</strong></span> <span class='ocrx_word' id='word_1_381' title='bbox 812 4237 845 4290; x_wconf 90' lang='lat' dir='ltr'><strong>ad</strong></span> <span class='ocrx_word' id='word_1_382' title='bbox 863 4235 1064 4290; x_wconf 85' lang='lat' dir='ltr'><strong>Constantinum</strong></span> <span class='ocrx_word' id='word_1_383' title='bbox 1083 4232 1224 4302; x_wconf 82' lang='lat' dir='ltr'><strong>Coprony-</strong></span> 
     </span>
     <span class='ocr_line' id='line_1_44' title="bbox 118 4300 1225 4379; baseline 0.001 -23"><span class='ocrx_word' id='word_1_384' title='bbox 118 4319 198 4356; x_wconf 88' lang='lat' dir='ltr'><strong>mum.</strong></span> <span class='ocrx_word' id='word_1_385' title='bbox 233 4303 360 4358; x_wconf 82' lang='lat' dir='ltr'><strong>accidisse</strong></span> <span class='ocrx_word' id='word_1_386' title='bbox 376 4311 462 4356; x_wconf 90' lang='lat' dir='ltr'><strong>autem</strong></span> <span class='ocrx_word' id='word_1_387' title='bbox 480 4305 618 4374; x_wconf 85' lang='lat' dir='ltr'><strong>aliquando</strong></span> <span class='ocrx_word' id='word_1_388' title='bbox 635 4315 667 4361; x_wconf 86' lang='lat' dir='ltr'><strong>ut</strong></span> <span class='ocrx_word' id='word_1_389' title='bbox 682 4309 730 4360; x_wconf 85' lang='lat' dir='ltr'><strong>bos</strong></span> <span class='ocrx_word' id='word_1_390' title='bbox 747 4307 853 4379; x_wconf 87' lang='lat' dir='ltr'><strong>quidam</strong></span> <span class='ocrx_word' id='word_1_391' title='bbox 869 4317 957 4358; x_wconf 84' lang='lat' dir='ltr'><strong>oestro</strong></span> <span class='ocrx_word' id='word_1_392' title='bbox 973 4300 1089 4372; x_wconf 72' lang='lat' dir='ltr'><strong>percitus</strong></span> <span class='ocrx_word' id='word_1_393' title='bbox 1106 4301 1135 4352; x_wconf 81' lang='lat' dir='ltr'><strong>iu</strong></span> <span class='ocrx_word' id='word_1_394' title='bbox 1152 4319 1225 4354; x_wconf 80' lang='lat' dir='ltr'><strong>mare</strong></span> 
     </span>
    </p>
   </div>
   <div class='ocr_carea' id='block_1_6' title="bbox 163 4369 1014 4453">
    <p class='ocr_par' dir='ltr' id='par_1_9' title="bbox 163 4369 1014 4453">
     <span class='ocr_line' id='line_1_45' title="bbox 163 4369 1014 4453; baseline 0.011 -22"><span class='ocrx_word' id='word_1_395' title='bbox 163 4380 265 4450; x_wconf 57' lang='lat' dir='ltr'><strong>erog.</strong></span> <span class='ocrx_word' id='word_1_396' title='bbox 290 4381 353 4432; x_wconf 80' lang='lat' dir='ltr'><strong>coa.</strong></span> <span class='ocrx_word' id='word_1_397' title='bbox 376 4382 408 4432; x_wconf 77' lang='grc' dir='ltr'><strong>ιι</strong></span> <span class='ocrx_word' id='word_1_398' title='bbox 431 4381 506 4452; x_wconf 61' lang='lat' dir='ltr'><strong>evag.</strong></span> <span class='ocrx_word' id='word_1_399' title='bbox 530 4383 579 4453; x_wconf 70' lang='grc' dir='ltr'><strong>ορ.</strong></span> <span class='ocrx_word' id='word_1_400' title='bbox 993 4369 1014 4431; x_wconf 83' lang='grc'>8</span> 
     </span>
    </p>
   </div>
   <div class='ocr_carea' id='block_1_7' title="bbox 0 0 1408 4616">
    <p class='ocr_par' dir='ltr' id='par_1_10' title="bbox 0 0 1408 4616">
     <span class='ocr_line' id='line_1_46' title="bbox 0 0 1408 4616; baseline 0 1"><span class='ocrx_word' id='word_1_401' title='bbox 0 0 1408 4616; x_wconf 95' lang='lat' dir='ltr'><strong> </strong></span> 
     </span>
    </p>
   </div>
  </div>
 </body>
</html>
