2814 4608
310 233 569 303 oascnmmo
595 227 824 300 neotnsnn
848 233 1006 300 novas.
1137 207 1210 302 τοι

110 425 257 512 ἐλέγχεται
280 419 495 509 κατισχάουσα.
542 423 643 510 χαίρω
664 427 739 508 γοῦν
763 420 854 509 ἴγωγε
879 421 967 488 οάδδν
984 413 1091 505 ἦττον,
1117 423 1144 486 εἲ
1160 424 1211 487 καλ

110 529 144 594 τὸ
169 528 293 596 ἔλαττον
318 527 334 596 ὁ
361 525 450 613 λόγος
473 526 677 613 ἀπηνέγκατο,
701 523 722 609 ἢ
748 529 774 590 εί
795 529 846 590 καί
862 524 940 614 πρὸς
956 524 1031 590 abab
1050 525 1084 591 τὸ
1101 525 1212 612 μέτρον

113 640 165 717 τῆς
192 633 300 710 ἱκανῶς
326 629 454 716 ἐχούσης
478 629 603 718 ἀφίκετο
630 626 812 715 διηγήσεως·
848 627 884 694 οὗ
910 628 969 717 γὰρ
994 633 1050 712 τῆς
1075 630 1106 694 ἕν
1132 625 1212 718 λόγῳ

115 733 268 819 δυνάμεως
293 735 432 814 ἐπίδειξιν
439 781 450 815 ,
484 733 564 799 ἀλλά
591 733 627 801 τὸ
653 730 815 800 κάλλιστόν
837 759 870 799 τε
895 729 969 798 εἶναι
989 732 1042 799 τὸν
1064 733 1138 799 ναδν
1161 734 1213 798 καὶ

91 835 296 927 ὀῶραιότατυν
325 841 376 905 καί
406 843 536 904 νικῶντα
560 833 674 924 νόμους
697 833 874 928 ἓκφράσεως
897 841 1093 926 παραστῆσαι
1115 833 1213 925 προῄ-
1230 852 1252 906 Ρ
1268 855 1318 908 121

112 969 215 1030 ινυαι·

206 1076 302 1145 Ἀλλά
325 1104 379 1163 μοι
404 1075 482 1166 πρὸς
505 1077 540 1144 σὲ
563 1073 580 1141 ὃ
605 1081 661 1142 τοῦ
682 1071 774 1163 λόγου
793 1071 908 1160 δρόμος
923 1075 977 1142 τάν
992 1083 1047 1143 τοῶ
1065 1073 1213 1164 συλλόγου

112 1183 207 1250 αίτιον
230 1179 484 1272 ἐπιστρεφόμενος
507 1179 675 1246 ἲδυνίσάω.
722 1190 813 1269 χαΐρε
836 1187 1012 1268 τοιγαροῦν,
1040 1173 1065 1247 ὦ
1087 1187 1214 1264 βασιλεῦ

111 1283 354 1374 δεοχαριτῶτατε
377 1288 427 1350 καὶ
449 1284 687 1373 θεοφιλέστατε,
714 1287 764 1348 καὶ
788 1285 979 1364 ἀνακαινίζου
1002 1285 1058 1369 τὴν
1081 1281 1158 1350 κατά
1182 1311 1215 1350 τε

23 1377 25 1427 l
70 1407 105 1459 10
114 1397 204 1475 σῶμα
228 1391 280 1454 καὶ
304 1387 410 1474 ψυχὴν
435 1388 484 1454 ἐπ’
514 1385 613 1475 ἔργοις
636 1387 768 1473 ἀγαθοῖς
785 1385 927 1471 ἀκμάζων
943 1385 1084 1473 νεότητα·
1111 1395 1165 1454 toti
1182 1413 1215 1454 τε

21 1509 22 1518 ’
111 1489 304 1580 περιωνύμου
327 1497 403 1558 ναοῦ
427 1493 479 1558 καὶ
501 1497 563 1558 τῶν
579 1497 634 1574 τῆς
650 1496 706 1575 σῆς
723 1492 834 1578 σοφίας
850 1490 945 1579 ἔργων
962 1494 1013 1556 καὶ
1028 1491 1129 1578 χειρὸς
1146 1489 1216 1578 ἔορ-

21 1614 24 1624 “
112 1594 211 1677 attor
235 1596 274 1662 τά
298 1597 430 1682 ἓγκαίνια
455 1593 560 1662 ἴντεινε
584 1597 635 1660 καὶ
658 1597 842 1676 Ινιατευοδοίί,
868 1598 918 1660 καὶ
935 1596 1093 1680 βασίλευε,
1122 1594 1255 1666 δ’νεκενΒ

21 1707 25 1739 ί
113 1701 261 1785 ἀληθείας
276 1702 326 1766 καλ
344 1695 515 1790 πραότητος
531 1701 583 1765 καί
599 1694 801 1784 δικαιοσιίνης.
834 1695 941 1786 ὁδηγεῖ
952 1695 1010 1786 γάρ
1019 1747 1029 1780 ,
1049 1695 1091 1776 ῶς
1107 1697 1217 1764 ἴνεστιν

21 1786 26 1843 ί
114 1807 187 1870 ἰδεῖν
210 1805 344 1892 ἐναργῶς
350 1852 360 1884 ,
385 1807 437 1871 καὶ
456 1801 599 1891 ὁδηγήσει
614 1829 649 1870 σε
664 1799 685 1888 ἦ
701 1809 757 1869 τοῦ
772 1800 906 1887 ὑψίστου
924 1802 1008 1880 δεξιά
1025 1809 1080 1870 τοῦ
1096 1803 1218 1868 κτίσαν-

21 1899 32 1949 ί
71 1905 167 1986 15τός
199 1933 234 1975 σε
268 1911 320 1974 καὶ
344 1909 377 1986 ἐξ
400 1907 501 1974 αάτῶν
524 1903 708 1994 σπαργάνων
731 1910 774 1984 είς
796 1907 926 1989 βασιλέα
950 1911 1006 1974 τοῦ
1030 1906 1139 1970 οἰκείου
1166 1907 1218 1970 καὶ

21 2001 29 2056 ί
113 2012 288 2100 περιουσίου
321 2015 399 2076 λαοῦ
426 2013 600 2100 χρίσαντος.
649 2011 870 2097 συνευφραίνου
895 2011 948 2076 καὶ
971 2010 1218 2088 συνανακαινίζον

21 2103 29 2161 ’ί
114 2116 167 2178 καὶ
191 2112 299 2194 αὐτός,
326 2119 387 2180 τῶν
410 2111 503 2194 ὅσους
523 2111 609 2200 ἥλιος
625 2112 722 2179 ἓπεῖδε
738 2111 907 2202 Καισάρων
922 2111 957 2180 τδ
975 2108 1219 2198 ἓγκαλλῶπισμα,
1332 2127 1336 2136 ’

21 2209 30 2287 λ
115 2217 212 2310 σοφίη
233 2243 265 2282 τε
290 2219 341 2282 καὶ
365 2217 481 2285 σονίσει
498 2217 570 2294 τοδς
585 2216 759 2304 ἔμπροσθεν
775 2223 1006 2306 παρευδοκιμῶν
1023 2219 1075 2281 καὶ
1093 2221 1132 2304 τῇ
1147 2217 1219 2308 θείην

115 2346 149 2386 σε
167 2316 291 2411 ψήφῳ,
319 2321 398 2388 ἀλλά
420 2321 465 2406 μὴ
487 2319 779 2408 σπουδαρχησαντα,
806 2319 883 2408 μηδ’
903 2320 1111 2408 ἀνθρωπίναις
1131 2345 1218 2408 περι·
1294 2315 1296 2320 ’

70 2425 247 2512 λοδρομαΐς
262 2424 318 2509 τὴν
333 2422 516 2510 τηλικαύτην
531 2422 629 2513 ἀρχὴν
644 2422 866 2503 ἀναδῖξασθαι.
916 2425 1137 2512 συνευφραίνου
1154 2424 1219 2488 τοί·
1234 2437 1258 2490 c

113 2554 168 2593 νυν
185 2530 235 2594 καὶ
253 2530 503 2610 συνανακαινίζου
519 2536 564 2618 τῷ
580 2524 708 2612 μίτοχάν
724 2554 758 2594 σε
775 2528 991 2618 προσειληφότι
1008 2529 1060 2594 καὶ
1076 2525 1220 2592 κοινωνὸν

112 2639 170 2715 τῆς
190 2634 348 2716 βασιλείας
371 2633 420 2698 ἐπὶ
442 2640 527 2720 κοινῇ
550 2658 583 2698 τε
607 2631 742 2723 σωτηρίη
759 2639 820 2698 τῶν
838 2635 1030 2722 ἀρχομένων,
1056 2633 1107 2697 καὶ
1127 2631 1220 2710 ἀξίως

113 2741 172 2819 τῆς
195 2739 237 2811 είς
259 2733 351 2800 αὐτὸν
374 2735 492 2812 εάνοίας
515 2737 566 2798 καὶ
588 2731 818 2820 ἀψευδεστάτης
842 2735 1030 2822 ἀγαπήσεως.
1082 2734 1133 2798 διά
1159 2734 1220 2819 γάρ

21 2517 27 2578 t

21 2745 36 2796 n

21 2422 38 2474 t!

29 2512 31 2535 l

22 2617 35 2665 ί.

22 2667 25 2701 ί

21 2892 38 2942 n

22 2971 38 3012 ιλ

22 3044 39 3112 ,ε

114 2963 184 3018 satis
208 2961 283 3034 perci
303 2978 348 3014 ere
372 2961 417 3015 vel
439 2931 659 3032 comprehendere
682 2977 761 3032 posse
781 2960 885 3030 liquet?
918 2978 971 3015 non
1000 2963 1092 3033 itaque
1119 2961 1221 3015 minore

114 3032 215 3104 gaudio
232 3049 262 3084 re
280 2981 352 3099 ibor,
370 3029 471 3084 etiamsi
488 3031 568 3084 rebus
584 3030 649 3104 ipsis
665 3031 750 3084 minor
764 3030 850 3084 oratio
866 3029 1002 3102 videatur,
1039 3049 1098 3086 uam
1114 3031 1139 3084 si
1153 3033 1220 3087 haec

31 3118 40 3178 ³.
114 3119 166 3173 pro
192 3101 232 3154 rei
256 3050 388 3170 dignitate
413 3117 586 3154 enarrassem.
620 3117 674 3153 non
696 3101 764 3154 enim
779 3101 807 3154 id
824 3101 985 3172 propositum
1001 3105 1054 3156 tun
1069 3111 1100 3156 ut
1116 3100 1220 3156 dicendi

27 3171 30 3199 ³
114 3171 172 3226 vim
196 3177 368 3237 ostentarem,
392 3169 440 3224 sed
462 3176 491 3222 ut
513 3167 637 3240 templum
659 3170 859 3240 pulcherrimum
882 3188 914 3224 ao
934 3171 1144 3226 venustissimam
1161 3187 1220 3224 esse

113 3242 248 3310 longeque
264 3239 452 3310 descriptionis
466 3240 540 3310 leges
557 3238 664 3292 vincere
680 3241 884 3310 comprobarem.

21 3049 25 3072 ί

37 3402 42 3409 ,
220 3345 319 3398 λίσσοιτο
343 3341 377 3396 ad
398 3347 443 3412 te,
468 3342 631 3396 celebritatis
652 3348 801 3410 auctorem,
826 3341 955 3395 orationis
971 3359 1063 3398 cursus
1079 3342 1221 3413 dirigatur.

117 3411 206 3482 gaude
222 3413 328 3482 itaque,
343 3411 487 3482 imperator
503 3411 553 3464 deo
570 3413 751 3483 acceptissime
765 3430 798 3466 ao
810 3411 1020 3482 religiosissime,
1038 3429 1070 3468 ac
1080 3429 1221 3481 renovare,

117 3491 175 3536 tam
200 3482 340 3536 iuventute
362 3481 482 3552 corporis
499 3487 527 3534 et
543 3481 645 3534 animae
660 3482 689 3534 in
704 3482 781 3535 bonis
798 3483 921 3552 operibus
938 3481 1053 3551 florens,
1078 3487 1132 3536 tum
1149 3482 1220 3536 cele·

39 3607 45 3616 ,
116 3551 230 3606 berrimi
245 3551 337 3622 templi
355 3567 516 3620 operumque
533 3551 679 3622 sapientiae
694 3568 838 3620 manusque
853 3559 917 3605 tuae
934 3554 1060 3606 encaenia
1076 3551 1220 3604 celebrans:

117 3621 242 3686 intende,
277 3635 405 3692 prospere
425 3619 552 3690 procede,
580 3627 608 3673 et
629 3637 713 3688 regna
734 3629 844 3692 propter
870 3621 1009 3674 veritatem
1028 3627 1055 3674 et
1071 3627 1221 3675 mansuetu-

118 3690 206 3744 dinem
223 3696 251 3743 et
266 3690 411 3754 iustitiam
437 3707 496 3743 nam
512 3689 631 3758 deducit,
653 3697 685 3742 ut
701 3693 785 3760 palam
801 3689 893 3743 videre
909 3689 989 3756 lieet,
1012 3689 1176 3760 deducetque
1193 3693 1221 3742 te

21 3755 23 3782 ²
118 3761 231 3812 dextera
254 3759 387 3828 altissimi,
410 3759 457 3829 qui
479 3759 581 3810 creavit
602 3765 631 3812 te
654 3763 682 3811 et
704 3761 737 3811 ab
760 3758 824 3828 ipsis
846 3760 1010 3813 incunabulis
1026 3761 1055 3813 in
1071 3759 1174 3830 proprii
1190 3775 1221 3810 ao

40 3885 47 3896 ,
117 3829 262 3902 peculiaris
286 3829 376 3900 populi
393 3829 436 3881 sui
451 3828 632 3897 imperatorem
650 3828 737 3880 unxit.
773 3828 916 3882 collaetare
933 3830 1033 3898 pariter
1050 3839 1130 3900 atque
1145 3830 1221 3880 inno-

23 3939 26 3951 .
119 3913 188 3953 vare
209 3899 280 3968 ipse,
308 3898 419 3952 omnium
441 3915 507 3967 quos
530 3914 643 3968 unquam
661 3897 701 3949 sol
718 3898 822 3967 aspexit
838 3899 922 3968 gloria
940 3900 1098 3967 Caesarum,
1123 3898 1222 3966 quippe

38 3994 48 4010 ··
119 3967 268 4037 sapientiae
293 3985 324 4023 ac
348 3967 504 4038 prudentiae
527 3966 603 4020 laude
624 3967 767 4021 maioribus
792 3968 869 4038 longe
894 3968 1069 4038 praecellens,
1099 3967 1222 4035 qnodque

119 4037 215 4090 divino
239 4037 382 4106 suffragio,
406 4054 460 4090 non
476 4037 576 4090 ambitu
593 4041 622 4090 et
638 4036 755 4089 humanis
771 4036 1005 4100 machinationibus
1022 4042 1123 4089 tantum
1140 4035 1223 4104 impe-

26 4147 29 4159 .
118 4107 190 4160 rium
206 4106 334 4178 excipias.
367 4107 469 4160 laetare
485 4106 570 4175 igitur
586 4113 614 4160 et
630 4104 758 4160 innovare
776 4123 832 4160 cum
850 4124 882 4161 eo
900 4107 946 4176 qni
962 4115 991 4160 te
1008 4104 1111 4176 imperii
1124 4104 1222 4156 socium

49 4203 53 4213 ·
116 4181 202 4246 atque
219 4181 368 4229 consortem
383 4176 419 4230 ad
435 4193 592 4230 communem
608 4175 770 4230 subditorum
786 4175 941 4245 utilitatem,
957 4184 988 4229 ut
1000 4174 1122 4230 affectum
1134 4172 1220 4226 veris-

117 4245 262 4316 simamque
285 4261 429 4315 argaeum
454 4245 620 4300 dilectionem
640 4252 712 4301 tuam
737 4244 861 4314 decebat,
886 4245 986 4314 allegit.
1031 4257 1081 4311 per
1105 4247 1221 4297 vernam
