2808 4616
170 177 246 257 148
341 177 559 252 οεοιιοιυο
584 177 772 252 nonnus
796 181 857 250 na
881 182 916 251 s.
940 181 1108 252 souma

167 367 268 459 μόσαι
291 367 348 450 τός
367 375 487 456 χαλκᾶς
510 365 632 450 όλόσεις
653 371 705 438 καί
726 368 784 448 τὰς
805 369 944 454 λυχνίας,
975 367 1059 448 ὅπως
1087 365 1275 462 ἔνθρονιόσχ

166 475 222 544 τόν
239 472 313 542 ναόν
328 477 380 541 καί
397 473 549 562 ἓγκαινίση
563 469 664 540 αὐτόν.
713 474 804 560 γνοὺς
819 475 854 540 δὲ
870 471 886 540 6
904 473 1050 558 βασιλεὺς
1060 473 1275 554 Ἰουστινιανὸς

129 575 359 669 Βίφθόνησεν,
382 581 434 644 ira
456 579 500 664 μὴ
524 575 665 666 προλόβῃ
688 581 740 644 καὶ
761 579 940 667 ἔγκαινισθῇ
955 577 1015 666 πρὸ
1031 583 1087 662 τῆς
1103 573 1193 664 ἃγίας
1210 583 1274 646 Σο-

168 684 259 774 φίας,
284 685 336 749 καί
360 679 541 771 παρήγγειλε
563 688 721 766 πανταχοῦ
745 689 801 766 τῆς
823 679 939 760 πόλεως
960 683 1014 748 ἵνα
1036 681 1082 765 μὴ
1104 679 1274 768 ποιήσωσιν

167 784 289 863 ἆλόσεις
312 783 579 872 καίνκρεμόσωσιν
600 788 705 853 ἐκεῖσε.
753 783 774 870 ἡ
799 787 833 851 δὲ
854 787 1021 870 βασίλισσα
1047 786 1186 870 ἐποίησεν
1210 786 1300 854 duis
1385 867 1386 880 ρ

166 887 300 976 μετόξης
321 889 435 956 πλεκτὰ
460 891 579 976 σχοινία
603 892 702 957 πίστει
723 893 774 955 καί
795 887 926 980 μόχθῳ,
951 892 1004 956 καί
1020 885 1198 976 κρεμάσασα
1215 891 1275 970 τὰς

165 990 368 1085 πολυφώνους
384 993 520 1083 ἀργυρᾶς
534 995 658 1079 λυχνίας
673 994 834 1061 ίνεκαίνισε
850 996 902 1060 καί
919 993 1111 1081 ίνεθρονίασε
1123 993 1176 1060 τὸν
1187 992 1274 1076 ναόν,

166 1102 369 1187 προλαβοῦσα
393 1097 448 1182 τὴν
471 1095 607 1185 μεγάλην
623 1099 792 1183 ίιιιιλησίαν.
842 1097 882 1164 rol
900 1097 933 1163 δὲ
949 1099 1080 1182 λείψανα
1096 1095 1136 1162 τὰ
1153 1098 1275 1182 κείμενα
1385 1149 1386 1188 η

166 1197 307 1268 κάτωθεν
321 1207 378 1287 τῆς
394 1198 482 1288 ἆγίας
497 1202 647 1290 τραπέζης
660 1208 722 1268 τῶν
736 1199 828 1288 ἁγίων
840 1198 1018 1268 ἀποστόλων
1029 1199 1176 1285 ἤχθησαν
1188 1201 1275 1290 παρὰ
1334 1239 1337 1242 -
1385 1195 1386 1286 l

166 1305 399 1372 Κωνσταντίνου
424 1306 594 1389 βασιλέως,
617 1305 687 1372 olavi
710 1313 767 1372 τοῦ
787 1304 920 1393 μεγάλω
944 1305 1196 1386 Κωνσταντίνου,
1220 1306 1315 1372 dedali

131 1414 229 1476 0τοῦ
244 1405 332 1496 ἁγίου
348 1407 620 1499 μεγαλομιίρτυρος
633 1411 803 1498 Ἀρτεμίου.
852 1408 888 1477 τὸ
907 1409 941 1474 ll
955 1414 1061 1493 βῆμα,
1086 1405 1197 1487 καθώς
1211 1409 1275 1475 ἔστι
1385 1415 1386 1458 ἓ

166 1511 279 1599 μίσον,
304 1513 385 1580 οὕτω
400 1516 452 1580 καί
468 1515 587 1600 γίγονεν
601 1515 687 1602 παρὰ
699 1519 755 1600 τῆς
767 1510 952 1600 Αὖγοόστης
966 1507 1141 1599 Θεοδῶρας.
1191 1511 1228 1579 sd
1244 1513 1275 1580 li

167 1615 378 1702 μνημοθίσιον
399 1623 455 1702 τῆς
477 1614 566 1703 ἁγίας
584 1617 737 1706 Θεοφανῶ
755 1615 771 1684 6
787 1619 883 1704 μίγας
898 1618 1130 1694 Κωνσταντΐνος
1145 1616 1275 1701 ἐποίησε.

166 1717 204 1786 τὸ
229 1720 264 1786 ol
285 1717 346 1798 ἔξω
368 1721 578 1804 μνημοθίσιον
600 1727 662 1788 τῶν
685 1747 718 1788 τε
740 1719 919 1810 όρθοδόξων
935 1723 986 1786 καί
1002 1725 1065 1786 τῶν
1084 1719 1239 1806 αίρετικῶν
1257 1716 1275 1785 6

166 1821 264 1910 μίγας
283 1819 496 1904 Ἰουστινιανός
516 1826 654 1910 ἐποίησε,
679 1827 730 1890 καί
747 1825 800 1890 διὰ
815 1825 951 1910 μουσίων
968 1821 1168 1890 ἔκαλλῶπισεν
1183 1819 1271 1904 αὐτό,
1279 1830 1317 1886 15

167 1929 221 1993 καί
247 1927 340 1994 dusios
367 1925 477 2015 ἔτόφη.
528 1925 675 2007 ὥσαότως
689 1931 741 1994 καὶ
758 1926 779 2014 ἡ
798 1929 872 2015 γυνὴ
891 1928 986 1996 αὐτοῦ
1005 1925 1155 2016 Θεοδώρα
1172 1923 1191 2012 ἦ
1209 1929 1276 1994 κτί-
1385 1975 1386 2022 l

169 2053 253 2097 σασα
276 2030 330 2096 τὸν
353 2027 438 2097 ναόν.
488 2031 524 2097 τό
550 2035 584 2100 δὲ
607 2043 751 2118 μουσεῖον
774 2033 867 2098 ἐκεῖνο
883 2034 934 2098 καί
951 2032 992 2098 τὰ
1007 2029 1160 2120 μόρμαρα
1177 2032 1277 2122 ἀπῆρε
1385 2121 1386 2128 ¹

168 2135 331 2209 Βασθειος
346 2130 363 2197 6
379 2129 542 2217 βασιλεύς,
563 2131 612 2198 ὅτε
629 2131 807 2226 ᾠκοδόμησε
822 2135 878 2220 τὴν
893 2136 964 2202 νίαν
979 2137 1031 2201 καί
1046 2135 1100 2202 τὸν
1117 2131 1226 2224 φόρον.

238 2306 274 2366 18
290 2301 339 2363 καί
351 2302 404 2379 τὴν
415 2304 456 2373 εἰς
465 2303 515 2364 τόν
526 2305 618 2380 φόρον
627 2311 798 2381 bannerius,
815 2312 877 2370 coll.
887 2331 916 2386 p.
926 2313 962 2370 82
972 2313 1027 2370 nb
1042 2317 1070 2368 et
1082 2331 1110 2386 p.
1121 2311 1173 2370 116
1184 2332 1212 2370 τ.
1225 2315 1272 2370 10.
1385 2281 1386 2312 ί

167 2457 261 2532 itaque
279 2463 398 2517 absoluto
416 2467 448 2517 nt
463 2463 579 2518 dedicari
596 2469 625 2518 et
641 2465 791 2519 consecrari
807 2471 912 2538 posset,
928 2484 1021 2523 aereas
1036 2473 1142 2524 catenas
1158 2467 1277 2525 lucernis

169 2533 332 2586 sustinendis
355 2533 383 2585 in
406 2551 438 2586 eo
460 2535 621 2604 suspendere
646 2535 785 2604 cogitavit.
819 2555 911 2592 rerum
934 2539 1081 2609 imperator
1103 2538 1275 2608 lastinianus,

169 2599 220 2654 boo
236 2601 386 2670 intellecto,
404 2603 549 2656 concedere
565 2605 651 2658 noluit
669 2613 699 2658 ut
714 2606 788 2674 prius
806 2623 883 2676 quam
900 2609 932 2662 S.
943 2608 1045 2680 Sophia
1059 2615 1276 2676 consecrantum

170 2673 200 2724 et
216 2671 356 2742 proposuit
372 2679 431 2724 tota
450 2675 515 2726 urba
532 2673 644 2726 edictum
661 2691 694 2727 ne
712 2676 771 2746 quis
787 2683 896 2730 catenas
911 2677 1055 2732 fabricaret
1070 2679 1151 2732 stibi
1165 2695 1277 2750 suspen-

170 2737 257 2795 derat.
292 2758 384 2796 verum
402 2742 523 2811 Augusta
539 2744 669 2796 funiculos
686 2761 720 2798 er
737 2745 824 2798 serico
842 2747 980 2800 bonafide
997 2749 1132 2818 multaque
1147 2748 1276 2802 industrie

170 2810 322 2880 conteruit,
348 2817 377 2864 et
402 2813 534 2881 argenteis
561 2814 724 2867 candelabris
747 2817 881 2883 suspensis
902 2817 1071 2872 consecravit
1093 2823 1121 2870 at
1143 2817 1277 2872 dedicavit

169 2881 307 2950 templum,
334 2897 453 2950 inagnum
477 2883 613 2936 ecclesiam
636 2891 815 2938 antevertens.
850 2885 979 2956 reliquiae
1001 2904 1066 2940 vero
1090 2885 1142 2940 SS.
1167 2893 1278 2958 aposto·

169 2947 255 3003 lorum
276 2951 326 3002 sub
352 2949 429 3002 altari
452 2951 584 3022 repositae
606 2952 782 3006 Constantino
805 2954 976 3025 imperatore,
1001 2955 1088 3025 magni
1106 2955 1276 3010 Constantini

168 3016 241 3083 filio,
268 3033 351 3086 opera
373 3020 457 3072 sancti
476 3023 601 3090 martyris
616 3023 730 3076 Artemii
746 3023 841 3076 allatae
857 3030 928 3081 snut.
962 3033 1115 3096 suggestum
1132 3031 1220 3080 autem
1235 3025 1275 3080 uti

171 3085 313 3140 etiamnum
330 3087 358 3139 in
375 3089 460 3141 medio
476 3091 555 3143 ritum
572 3097 628 3159 est,
651 3093 690 3145 ita
707 3111 723 3146 a
740 3093 881 3147 Theodora
897 3094 1018 3166 Augusta
1034 3103 1195 3148 exstructum
1213 3096 1275 3150 fuit.

171 3156 320 3208 memoriam
344 3158 375 3210 S.
402 3159 580 3230 Tbeopbanns
606 3179 713 3231 magnus
736 3162 926 3218 Constantinus
948 3163 1051 3236 posuit3
1084 3171 1275 3219 monumentum

171 3239 237 3278 vero
261 3226 379 3279 exterius
403 3229 605 3283 orthodoxorum
629 3239 657 3283 et
680 3232 869 3286 baereticorum
894 3251 1001 3304 magnus
1025 3234 1188 3288 lastinianus
1213 3251 1278 3288 eon-

170 3291 253 3359 didit,
279 3301 309 3348 et
331 3296 432 3348 musivo
456 3315 537 3368 opere
555 3301 708 3367 exornavit,
731 3302 880 3373 ibidemque
896 3303 1014 3374 sepultus
1031 3309 1074 3357 est
1089 3321 1147 3358 euna
1165 3304 1276 3374 οοαίοςο
1386 3373 1387 3378 ¹

171 3361 329 3430 Theodora,
356 3381 425 3435 quaa
447 3369 570 3437 ternplum
588 3371 750 3426 aedificavit.
783 3383 915 3426 οεοιοιοιο
930 3373 1058 3428 musivum
1077 3391 1143 3444 opus
1162 3380 1190 3427 et
1206 3390 1276 3427 nar·
1386 3385 1387 3428 l

169 3447 244 3485 nora
266 3433 323 3486 eius
346 3437 437 3505 templi
452 3437 566 3490 Basilius
582 3439 727 3511 imperator
743 3441 865 3513 abstulit,
892 3459 951 3498 oum
965 3442 1103 3500 aeclesiam
1120 3443 1275 3516 cognomine

169 3515 265 3556 nonam
280 3503 420 3576 forumque
436 3506 600 3564 aedificarat.
