2808 4616
191 277 242 348 96
528 271 747 343 GEORGIUS
773 271 961 341 GODINUS

190 465 243 532 ἀιά
269 464 305 530 τὸ
331 459 404 529 εἶναι
429 462 460 527 ἒν
484 461 568 552 αὐτῷ
591 461 691 530 πολλὰ
712 461 830 542 driaco,
855 459 941 546 ήάτι
957 458 1084 545 Βλάχου
1101 462 1185 540 τινὸς
1201 464 1302 552 κίρμα

188 562 228 655 ἦν
243 569 346 634 ἒκεΐσε.

152 687 177 740 D
298 671 365 754 Τήν
390 665 478 754 ἀγίαν
500 668 594 755 σορὸν
612 669 665 734 τὸν
682 669 756 734 ναὸν
773 674 829 751 τῆς
844 664 994 734 θεοτόκου
1012 665 1150 756 ἀνήγειρε
1166 671 1266 736 Λίων
1285 669 1302 737 5
1398 747 1399 764 ρ

190 775 357 858 Mariam,
375 771 454 838 ἔνθα
471 775 646 839 κατετίθετο
663 773 719 856 τὴν
738 771 821 858 ἲεράν
838 770 947 858 σορόν,
965 763 986 860 ᾖ
1003 768 1022 856 ἦ
1041 774 1114 838 θεία
1131 775 1231 858 ἐσθὴς
1248 781 1303 859 τῆς

189 876 381 964 θεομήτορος
397 877 576 944 ἔναπέκειτο.
629 877 722 942 ίκεῖσε
738 875 838 941 πολλὰ
856 876 923 960 ligor
940 878 992 942 καί
1005 874 1156 959 θαύματα
1169 879 1326 964 γίγονεν.5
1398 911 1399 964 γ

191 975 280 1060 οὗτος
306 981 401 1048 ἔκτισε
428 983 479 1046 καὶ
503 981 538 1046 ad
566 986 666 1064 λοῦμα
691 983 743 1044 καὶ
768 977 937 1066 ἐπεκύρωσε
960 977 1101 1064 κτήματα
1124 983 1222 1047 πολλὰ
1247 987 1303 1047 καὶ

190 1084 282 1170 σκεάη
307 1087 358 1150 καί
382 1081 525 1168 κειμήλια
542 1091 648 1169 χρυσᾶ
671 1109 703 1148 τε
728 1086 779 1149 καί
803 1084 933 1171 ἀργυρᾶ.
984 1082 1043 1161 ἴξω
1062 1087 1096 1148 δὲ
1112 1092 1166 1168 τῆς
1182 1084 1304 1171 πάρτοις

190 1187 364 1274 ἐτύγχανεν,
390 1185 450 1256 ἀπὸ
476 1190 510 1254 dd
527 1185 712 1274 Ἡρακλείου
735 1191 963 1276 περιεκλείσθη,
989 1193 1110 1254 πολλῶν
1133 1191 1302 1275 γενομένων

191 1293 364 1378 θαυμάτων
383 1295 433 1357 καὶ
452 1289 561 1357 ίάσεων
578 1293 609 1356 ίν
627 1293 720 1380 αὐτῷ.
1398 1293 1399 1298 ’

295 1397 342 1462 Τὸ
360 1394 625 1483 Χρυσοβάλαντον
644 1392 725 1472 οίκος
741 1386 780 1478 ἦν
796 1391 953 1460 Νικολάου
971 1397 1130 1481 πατρικίου
1142 1399 1193 1460 καὶ
1207 1400 1299 1479 δομε-
1307 1412 1340 1464 10

191 1503 294 1568 στίκου
318 1507 376 1584 τῆς
398 1499 567 1582 ἀνατολῆς,
593 1499 628 1564 ὃν
645 1497 800 1586 ἀνήγειρεν
817 1502 860 1576 είς
875 1498 968 1575 ναοάς
985 1496 1041 1564 δάο
1059 1506 1115 1565 τοῦ
1131 1499 1301 1588 ἀρχιστρα-

190 1612 284 1690 τηγοῦ
312 1607 362 1670 καλ
389 1609 446 1670 τοῦ
469 1599 556 1688 άγίου
580 1601 841 1686 Παντελεήμονος.
893 1602 945 1667 διὰ
969 1601 1138 1688 δὲτρόπον
1161 1611 1299 1670 τοιοῦτον

190 1707 347 1795 ἀνήγειρεν
365 1704 486 1784 adcola
536 1712 593 1772 τοῦ
609 1707 757 1793 ῥηθίντσς
772 1708 951 1789 δομεστίκου
969 1708 1001 1771 ἐν
1015 1715 1058 1795 τῷ
1071 1709 1210 1796 ταξειάίφ
1221 1735 1301 1794 χρο-

101 1821 122 1874 Ρ
139 1823 175 1882 49
191 1816 323 1893 νίζοντες
339 1808 509 1896 ίμοιχεάετο
526 1807 546 1893 ἢ
563 1812 638 1895 γυνὴ
657 1811 762 1876 αὐτοῦ.
813 1807 877 1876 είτα
893 1808 1082 1876 ἀπεισελθαλν
1100 1814 1132 1876 ἓν
1147 1819 1186 1898 τῇ
1203 1811 1301 1892 πόλει,

190 1920 241 1981 καί
269 1914 419 2004 φωράσας
441 1917 476 1984 τὸ
502 1913 658 2002 ἀράμενον
673 1913 789 2000 μύσος,
814 1913 977 1997 συλλαβὼν
994 1914 1188 2001 ἀμφοτέρους
1203 1922 1297 2000 μελη-
1307 1931 1336 1986 15

191 2020 245 2086 δὸν
269 2022 447 2104 κατέκοψεν.
497 2018 625 2107 ὕστερον
645 2021 680 2084 δὲ
696 2025 739 2098 είς
754 2018 870 2084 ἔννοιαν
887 2017 989 2084 ἐλθὼν
1005 2025 1061 2084 τοῦ
1078 2025 1215 2106 φοβεροῦ
1232 2046 1300 2106 κρι-
1392 2032 1396 2112 γ

188 2125 296 2211 τηριόυ
314 2123 451 2210 ἀνήγειρε
468 2120 577 2190 corinda
595 2124 667 2201 τοάς
683 2119 786 2200 ναοάς.
836 2125 904 2210 περὶ
923 2124 957 2188 δὲ
972 2122 1007 2188 τὸ
1025 2124 1112 2200 τίλας
1125 2122 1227 2189 lardo
1239 2130 1300 2189 τῶν
1392 2119 1396 2144 “

190 2224 381 2309 κτισμάτων,
406 2229 456 2290 καλ
474 2226 637 2309 ἀδημονῶν
655 2226 757 2292 διὰτὸ
775 2227 820 2312 μή
837 2226 914 2308 ἴχειν
927 2229 1074 2314 χρυσίον,
1099 2225 1196 2314 ὤφθη
1215 2228 1300 2316 αὐτῷ

189 2330 259 2394 κατ’
291 2327 366 2415 ἀναρ
394 2325 410 2392 5
439 2325 624 2413 ἀρχάγγελος
650 2331 745 2414 λέγων
765 2326 907 2396 “duride
935 2335 978 2408 είς
1002 2330 1087 2397 τόνδε
1114 2329 1166 2394 τὸν
1190 2327 1300 2410 τόπον,

188 2433 317 2516 πλησίον
345 2437 401 2515 τῆς
430 2438 486 2498 τοῦ
506 2430 660 2518 Ἄσπαρυς
685 2432 875 2518 κινστίρνης,
901 2437 952 2498 καὶ
978 2431 1112 2522 εὑρήσεις
1131 2431 1335 2514 βαλάντιονλθ

185 2538 316 2624 χρυσίου
344 2538 449 2622 λίτρας
473 2532 542 2615 ἕχον
567 2533 707 2600 ἓκατόν.”
762 2533 778 2601 5
805 2539 838 2602 dd
863 2537 1008 2604 ἀπελθὼν
1030 2541 1081 2602 καί
1104 2534 1201 2624 εάραλν
1221 2539 1298 2604 αὐτὸ

257 2698 320 2766 Sp.
338 2697 373 2750 40
390 2696 475 2751 Band.
597 2692 807 2768 ὃΛευμαιιέλήσ
824 2700 858 2753 (l.
981 2696 1137 2766 9ίάσεων]
1157 2695 1299 2753 (inconscio

257 2766 308 2834 τῆς
325 2760 407 2834 ἀγίας
427 2760 568 2820 Θεοτάιιου
586 2767 618 2820 C.
736 2771 771 2822 10
788 2788 815 2838 p.
833 2769 869 2824 39
886 2769 972 2823 Band.
1085 2767 1299 2838 γρυσοβάλανον

258 2835 328 2906 Reg.
441 2831 543 2903 νικήτα
559 2836 628 2908 Reg.
743 2837 776 2893 17
793 2837 873 2906 περί]
892 2836 919 2892 εί
950 2841 982 2892 Ο.
1094 2841 1128 2895 18
1145 2833 1195 2890 doci
1213 2834 1297 2892 rroco'-
1391 2875 1392 2888 ι

258 2923 330 2974 τητα
347 2903 461 2976 χρυσίου
479 2905 511 2962 C.
617 2907 651 2962 19
668 2900 782 2975 ἅγγελος
797 2907 897 2976 κυρίου
914 2909 947 2965 C.

188 3046 232 3097 vel
250 3043 325 3112 quasi
340 3043 493 3114 Lacernae,
512 3044 584 3113 quod
600 3044 674 3098 loona
690 3053 762 3099 esset
777 3047 917 3100 laonnoaua
935 3053 964 3100 at
979 3045 1127 3100 abundaret
1142 3047 1235 3116 aquia3
1253 3045 1297 3099 vel

188 3114 222 3166 ob
240 3112 336 3168 Vlachi
353 3112 487 3166 cuiusdam
503 3113 618 3167 caedam.

291 3181 437 3234 Ecclesiam
465 3183 495 3236 S.
525 3183 663 3252 deiparae,
697 3201 765 3253 quae
795 3191 959 3254 nuncupatur
983 3183 1159 3238 conditorium
1184 3202 1297 3253 sacrum,

188 3251 319 3304 exstruxit
343 3251 399 3303 Lao
425 3252 556 3315 Macelaa3
583 3253 629 3306 ubi
652 3269 753 3306 sacram
772 3253 841 3306 illam
858 3272 943 3306 arcam
960 3255 1114 3321 collocavit,
1140 3255 1239 3323 inqua
1257 3255 1298 3307 di-

188 3320 253 3373 vina
270 3320 356 3374 vestio
374 3321 404 3374 S.
423 3321 513 3374 matria
530 3321 574 3373 dei
590 3323 709 3392 reposita
726 3331 791 3377 erat.
825 3323 893 3376 idem
911 3341 1015 3392 quoquo
1032 3325 1152 3376 balneum
1170 3325 1208 3376 ibi
1225 3325 1299 3376 aedi-

188 3389 297 3460 ficavit,
321 3389 467 3459 multasque
483 3391 665 3460 poaaeaaionee
683 3398 711 3444 et
728 3410 810 3446 aurea
826 3401 1005 3463 argenteaque
1022 3410 1086 3446 vasa
1104 3401 1133 3446 et
1149 3393 1253 3446 cimelia
1272 3393 1298 3446 ai

186 3459 300 3528 largitae
327 3467 377 3512 eat.
411 3461 462 3512 hoc
484 3462 607 3529 templum
629 3461 690 3514 olim
708 3471 782 3515 extra
798 3471 901 3532 portam
919 3471 990 3516 erat:
1016 3469 1111 3534 postea
1128 3481 1193 3516 vero
1210 3464 1299 3516 Hera·
1391 3501 1392 3505 ,

187 3527 255 3582 clius
274 3546 347 3582 muro
365 3529 428 3582 illud
447 3530 634 3598 circumdedit,
653 3549 684 3583 eo
701 3533 772 3602 quod
789 3533 868 3586 multa
885 3533 923 3586 ibi
939 3534 1034 3588 tierent
1050 3532 1176 3586 miracula
1193 3539 1222 3585 et
1238 3533 1316 3602 plu·

188 3598 248 3651 rimi
266 3616 282 3652 a
298 3599 395 3652 morbis
413 3600 603 3653 liberarentur.

292 3669 535 3736 Chrysobalandum
559 3670 618 3722 eive
641 3671 823 3724 anricrumena
840 3671 929 3724 domur
948 3677 1007 3725 erat
1024 3671 1128 3726 Nicolai
1143 3669 1254 3741 patricii
1271 3677 1300 3724 et

187 3737 324 3792 domestici
352 3738 540 3806 Orientalium,
567 3756 643 3809 quarn
666 3740 710 3793 ille
732 3741 845 3794 mutavit
867 3741 896 3792 in
914 3741 965 3794 duo
984 3742 1080 3812 templa
1098 3742 1127 3794 S.
1145 3739 1300 3810 archangeli

187 3806 325 3862 Michaelis
344 3816 372 3861 et
389 3811 420 3862 S.
438 3809 661 3876 Pantaleemonia‚
680 3812 713 3863 ob
730 3811 797 3862 hanc
814 3827 926 3864 caueam.
961 3829 1028 3864 uxor
1045 3811 1193 3882 supradicti
1211 3812 1301 3864 dome-
1389 3832 1392 3851 ι

189 3877 250 3929 atici
274 3877 368 3930 marito
394 3879 423 3930 in
449 3878 542 3932 castris
559 3885 734 3932 commorante
752 3881 786 3932 ab
803 3879 854 3930 alio
873 3881 984 3950 quodam
1002 3880 1209 3934 adulterabatur.
1245 3895 1301 3949 qua

188 3947 223 4000 de
247 3963 276 3999 re
298 3947 357 4018 ipae
381 3948 481 4000 certior
503 3951 591 4002 factae
614 3949 758 4020 improviso
783 3948 810 4000 in
833 3951 924 4003 urbem
949 3951 1044 4018 rediit,
1070 3957 1098 4002 et
1115 3951 1203 4003 ambos
1220 3948 1300 4002 simul

187 4015 365 4086 deprehensos
393 4018 551 4070 articulatim
576 4020 720 4072 consecuit.
755 4023 850 4088 postea
876 4027 963 4072 autem
981 4020 1164 4072 recordatione
1180 4021 1208 4070 at
1226 4025 1300 4071 metu

188 4087 301 4140 extremi
326 4086 417 4140 iudicii
440 4087 491 4139 duo
516 4087 582 4139 haec
601 4090 698 4158 templa
715 4086 840 4140 condidit.
875 4105 932 4143 cum
949 4107 1016 4143 varo
1035 4090 1153 4142 absoluta
1170 4088 1223 4140 iam
1239 4090 1300 4141 fere

188 4160 323 4211 rtructura
348 4158 454 4210 defectu
477 4157 604 4226 pecuniae
624 4157 760 4227 plurimum
781 4163 938 4226 angeretur,
964 4159 1090 4228 apparuit
1114 4158 1138 4210 ei
1158 4158 1188 4208 in
1208 4173 1299 4210 eomno

189 4225 359 4298 archangelus
385 4226 475 4278 dicans
497 4219 561 4277 “abi
584 4226 617 4279 ad
640 4227 711 4280 illum
734 4227 818 4279 locum
834 4225 948 4280 vicinum
964 4227 1075 4298 Asparia
1093 4227 1244 4297 cisternae,
1271 4229 1300 4277 et

186 4289 308 4350 inveniar
331 4312 478 4352 crumenam
500 4299 605 4351 centum
622 4297 681 4352 auri
697 4297 779 4351 librae
794 4291 1000 4352 coutinentem.”
1035 4297 1199 4352 domesticae
1215 4295 1302 4366 igitur
