2802 4636
184 251 233 318 32
521 249 739 318 GEORGIUS
766 249 953 318 CODINUS

183 437 320 525 γνώστης
343 440 421 521 μετὰ
438 435 570 524 Ἱμερίου
591 440 819 526 χαρτουλαρίου
845 435 921 504 εἶδεν
938 438 1031 504 ἐκεῖσε
1047 436 1163 521 στήλην
1179 439 1294 526 μικρὰν

183 551 226 632 τῷ
255 541 344 626 μήκει
373 547 424 608 καὶ
456 549 600 610 πλατεῖαν
629 542 720 610 πάνυ.
771 545 847 626 ἐμοῦ
872 543 921 622 δέ,
955 544 1049 629 φησίν
1073 539 1090 606 ὃ
1116 541 1293 628 Θεόδωρος,

182 646 397 731 θαυμάζοντος
419 646 478 734 ἐφη
503 645 519 712 ὁ
540 644 668 732 Ἱμε-’ριος
684 649 735 712 καὶ
754 647 845 724 αῦτδς
862 645 1034 728 θαυμάζειν
1051 644 1135 724 ὅστις
1152 643 1169 710 ὁ
1187 652 1295 726 κτίσας

181 752 216 818 td
242 748 382 835 κονήγιόν
407 754 497 816 ἐστιν.
549 754 624 834 ἐμοῦ
651 753 684 816 δέ
707 750 842 827 εἰπόντος
861 747 1063 833 ί(Μαξιμῖνος
1081 747 1097 816 ὃ
1117 754 1223 828 κτίσας
1241 756 1293 816 καὶ

176 855 362 942 Ἀριστείδης
392 851 409 920 ὃ
441 853 713 941 καταμετρήσας,”
747 853 890 940 παρεοθδ
915 865 1015 920 πεσεῖν
1039 852 1095 936 τήν
1121 852 1236 938 στήλην
1260 859 1316 924 tat

181 965 237 1024 τοῦ
260 960 353 1024 ἐκεῖσε
376 956 479 1042 ῦηιοος
503 962 553 1024 καλ
578 969 708 1044 κροῦσαι
730 959 783 1024 ‘cdv
802 956 930 1046 Ἷμίριον
953 961 1003 1024 καί
1027 958 1172 1042 παραυτιλ
1189 965 1293 1026 θανα-
1347 979 1349 983 “

181 1069 288 1129 τιῦσαι.
339 1065 414 1144 ἐμοῦ
438 1065 471 1128 δέ
495 1065 689 1150 φοβηθέντος
712 1065 761 1127 καί
785 1063 862 1146 πρὸς
885 1063 940 1146 τήν
964 1065 1123 1146 ἐκκλησίαν
1139 1061 1293 1148 φυγόντος

93 1181 114 1231 Ρ
133 1179 166 1236 19
185 1170 235 1232 καὶ
259 1167 513 1251 καταγγέλλοντος
534 1167 569 1233 τὸ
595 1168 752 1254 πραχθέν,
779 1169 878 1244 οὐδείς
893 1193 946 1249 μοι
965 1168 1153 1244 ἐπίστευσεν,
1179 1169 1237 1243 ἕως
1254 1167 1292 1232 dv

181 1270 283 1356 ὅρκοις
302 1272 376 1336 αὐτὸ
394 1273 575 1352 ἐβεβαίαισα.
628 1273 656 1336 οἱ
677 1264 730 1338 οῦν
747 1274 849 1336 οἰκεῖοι
868 1278 922 1338 τοῦ
940 1270 1175 1354 τελευτήσαντος
1192 1274 1243 1336 καὶ
1262 1272 1292 1336 οἳ

181 1379 264 1462 φίλοι
287 1381 342 1441 τοῦ
365 1377 515 1457 βασιλέως
539 1376 595 1442 σὺν
618 1379 684 1458 ἐμοὶ
708 1373 921 1459 ἐπορεύθησαν
945 1377 977 1442 ἐν
999 1382 1041 1461 τῷ
1063 1377 1211 1463 κυνηγίῳ,
1238 1379 1330 1440 anilo

179 1479 239 1564 πρὸ
257 1485 313 1544 τοῦ
330 1477 365 1543 τὸ
382 1487 493 1562 πτῶμα
511 1481 585 1545 ἰδεῖν
603 1488 660 1546 τοῦ
677 1479 790 1564 ἀνδρὸς
806 1479 841 1545 τὸ
859 1485 970 1562 πταῖμα
989 1486 1044 1562 τῆς
1062 1476 1176 1560 στήλης
1192 1478 1291 1544 taud-

178 1585 285 1664 μαζον.
333 1580 474 1667 Ἰωάννης
497 1585 532 1649 δι’
553 1609 600 1660 τις
621 1582 794 1671 φιλόσοφος
818 1587 911 1670 φησίν
935 1583 982 1648 ὅτι
1000 1573 1085 1664 εὗρεν
1101 1579 1160 1648 ὑπὸ
1178 1580 1290 1648 τοῦτον

178 1693 235 1752 τοῦ
261 1689 369 1767 ζιοδίου
395 1687 517 1764 ἔνδοξον
542 1686 641 1774 ἄνδρα
664 1686 902 1770 τεθνηξόμενον·
927 1684 986 1773 ὕφ’
1013 1678 1050 1751 οὗ
1071 1684 1290 1762 Φιλιππικδςὸ

177 1791 323 1872 βασιλεῦς
350 1794 602 1878 πληροφορηθεὶς
632 1794 767 1858 ἐκέλευσε
789 1792 825 1858 τὸ
851 1790 925 1857 αῦτδ
950 1788 1058 1870 ζιόδιον
1081 1792 1113 1856 ἐν
1138 1791 1222 1880 αὐτῷ
1246 1797 1292 1878 τῷ

176 1892 261 1986 τόπῳ
286 1902 534 1980 καταχωσθῆναι.
1297 1904 1329 1956 15

246 2059 263 2111 2
287 2060 424 2110 πλατεῖαν
445 2053 495 2110 καλ
518 2061 638 2126 παχεῖαν
659 2054 737 2108 πάνυ
762 2057 858 2109 Suidas
877 2061 904 2111 et
920 2058 984 2110 Vat.
1087 2052 1290 2124 4μαξιμιανὸς

245 2127 280 2181 1³¹.
351 2130 368 2182 6
387 2123 480 2190 ῦιρσυς
497 2123 632 2179 τοσοῦτον
650 2119 826 2194 ῦποίρχοντος
844 2130 876 2181 [ε’.
964 2123 1093 2193 κροῦσαι]
1107 2127 1207 2179 δοῦναι
1225 2127 1287 2178 Vat.

248 2196 264 2249 ’ί
282 2193 513 2264 φοβηθέντος-
530 2196 547 2250 9
565 2191 738 2278 ἐβεβαίωσα]
769 2191 952 2266 φοβηθέντος
968 2189 1015 2248 διδ
1035 2189 1066 2248 τὰ
1084 2193 1122 2264 μή
1140 2190 1214 2248 εἶναι
1232 2193 1288 2249 ἐτε-

247 2281 298 2324 ρον
323 2259 384 2316 ἐκεῖ
403 2254 424 2350 ή
447 2261 551 2329 μόνους
573 2282 639 2324 τους
657 2259 793 2330 ἡμιόνους
812 2259 889 2330 ἡμῶν
907 2263 1089 2333 κατέχοντας,
1118 2263 1166 2315 καλ
1183 2259 1288 2324 αὐτοῦς

248 2331 299 2396 ἐξω
322 2333 378 2384 τιῦν
401 2332 579 2402 αναβαθμῶν
595 2327 788 2400 ὑπάρχοντας,
814 2330 957 2394 δειλιοίσας
973 2330 1011 2403 μή
1029 2328 1212 2398 κινδυνεύσω,
1239 2329 1285 2385 σό-

246 2419 297 2470 ρας
330 2401 370 2469 τῷ
398 2400 481 2472 δεξιῷ
506 2399 583 2454 nodi·
600 2398 673 2454 ἔνθα
698 2397 765 2464 τοῦς
788 2403 958 2464 καταδικους
983 2399 1090 2470 arnano
1112 2397 1284 2470 ἐπεχείρουν.

246 2466 386 2532 δειλαίους
408 2467 455 2538 δι’,
484 2465 517 2522 cd
541 2464 632 2538 σ’ίχθος
658 2464 771 2539 οἷιρήσας
788 2464 819 2522 ἐν
836 2472 877 2540 τῷ
892 2467 1009 2539 στόματι
1025 2473 1075 2524 τοῦ
1092 2466 1200 2542 ἄχθους
1219 2467 1283 2524 ἆνε-

246 2537 374 2612 χώρησα,
392 2536 553 2607 πρόσφυγος
567 2536 715 2607 γενόμενος
731 2535 761 2592 ἐν
778 2541 813 2606 τῆ
828 2537 933 2610 μεγάλη
951 2536 1089 2613 ἐκκλησίᾳ.
1123 2538 1172 2594 καλ
1188 2535 1284 2609 dypti-

245 2615 302 2664 λων
326 2603 358 2660 ιδ
384 2603 515 2676 πραχθὲν
532 2606 561 2662 ἐν
578 2604 699 2696 ἀληθεία
717 2605 769 2662 οῦκ
786 2593 982 2678 ἐπιστευόμην,
1009 2609 1060 2671 ἕως
1077 2607 1117 2671 είς
1133 2604 1220 2676 ὅρκου
1240 2610 1285 2680 βε·

248 2677 362 2750 βαίωσιν
388 2671 483 2731 ἐλθεῖν
505 2695 554 2748 με,
580 2679 629 2730 δια
653 2659 690 2731 τό
708 2697 776 2732 ποτε
794 2678 843 2732 καλ
859 2679 943 2732 τοῦτο
960 2675 1048 2747 μόνον
1064 2678 1186 2749 τηρῆσαί
1200 2697 1233 2748 με
1251 2674 1283 2733 cd

244 2743 429 2815 κατόρθωμα.
448 2750 481 2802 F.
550 2745 568 2800 9
585 2747 632 2800 καλ
645 2748 722 2813 φίλοι
734 2747 783 2802 καί
792 2766 863 2810 τινες
875 2749 926 2801 τοῦ
943 2749 1001 2802 cod.
1015 2749 1090 2804 alius.
1160 2752 1192 2804 ll
1210 2750 1284 2819 priua

246 2818 288 2886 τῷ
304 2814 431 2886 πτώματι
448 2817 500 2871 τοῦ
515 2810 621 2883 ἅνδρδς
637 2811 741 2886 ἐγγίσαι
759 2819 792 2872 C.
896 2813 1022 2886 η’τὲνιζον
1039 2815 1231 2887 θαυμάζοντες
1250 2819 1283 2872 θ’.

244 2889 280 2943 12
298 2881 342 2939 ὅτι
360 2917 393 2927 -
413 2889 445 2940 15
462 2887 700 2955 καταχωσθήναι]
726 2882 769 2939 ὅτι
786 2882 825 2954 μδ
844 2881 896 2953 τήν
914 2887 997 2940 θείαν
1013 2884 1168 2956 πρόνοιαν,
1195 2883 1285 2949 οῦιως

244 2953 360 3022 εὑρίσκω
379 2950 485 3016 ἐντοῖς
502 2955 706 3024 Δημοσθένους
723 2953 943 3024 συγγράμμασιν,
968 2951 1024 3010 sind
1042 2954 1145 3011 τούτου
1163 2959 1215 3010 τοῦ
1232 2958 1282 3020 ζω-

244 3027 309 3080 δίου
334 3021 554 3094 ἄποντανθῆναι
578 3023 695 3091 ἔνδοξον
719 3020 821 3093 ἄνδρα.
857 3019 888 3086 ὃς
904 3024 954 3078 καλ
969 3022 1102 3088 παρευθῦ
1120 3027 1160 3080 τοῦ
1177 3026 1287 3098 βασιλεῖ

246 3095 405 3178 Φιλιππικῷ
426 3091 646 3178 ηληρσφορήσας
662 3089 801 3148 κολούεται
818 3095 977 3178 καηαχῦσαι
995 3093 1027 3148 τδ
1046 3090 1116 3150 atiud
1134 3079 1234 3160 ξολδιον
1253 3091 1282 3148 ἐν

244 3165 286 3233 τῷ
309 3165 387 3234 coepi
411 3182 498 3233 τοπῳ.
533 3159 550 3219 δ’
574 3161 623 3216 καλ
647 3160 742 3252 γέγονε
767 3158 815 3217 διὰ
839 3181 872 3217 το
892 3160 929 3231 μὴ
947 3161 1080 3233 δέχεσθαι
1097 3161 1281 3224 καταλύσεως.

245 3233 353 3300 ταῦτα,
380 3229 527 3300 φιλόκαλε,
553 3227 622 3300 μετὰ
640 3233 777 3300 αληθείας
794 3228 914 3298 ἐρευνῶν
931 3228 1014 3302 εῦχοο
1030 3229 1068 3302 μή
1088 3231 1226 3288 εἰσελθεῖν
1242 3231 1283 3295 είς

244 3297 413 3370 πειρασμόν,
434 3300 482 3355 καὶ
499 3305 562 3362 ταῖς
578 3296 710 3370 ἀρχαίαις
726 3301 854 3370 στήλαις,
879 3302 928 3356 καλ
944 3300 1063 3372 μάλιστα
1079 3308 1143 3366 ταῖς
1158 3299 1282 3372 Ἐλληνι-

244 3376 322 3439 καῖς,
340 3367 456 3442 πρόσεχε
472 3371 599 3441 θεωροῦν.
618 3374 652 3427 tt.
767 3375 802 3429 13
819 3367 867 3442 ἐφ’
887 3376 951 3427 Vat.
995 3426 1002 3436 ,

173 3508 290 3562 Himerio
316 3509 477 3562 chartulario
500 3509 636 3578 profectus
656 3511 725 3564 vidit
743 3516 856 3564 statuam
874 3511 978 3566 minime
995 3513 1114 3580 longam,
1140 3510 1187 3565 sed
1204 3509 1283 3566 valde

173 3579 262 3632 latam
299 3595 340 3631 me
356 3580 439 3648 igitur
455 3595 511 3632 eam
532 3579 689 3648 admirante,
715 3581 803 3652 inquit
819 3581 965 3650 Himerius,
993 3582 1113 3652 quisnam
1132 3581 1282 3649 cynegium

174 3647 316 3701 condidit?
342 3655 397 3701 tum
415 3667 463 3718 ego
479 3643 657 3703 “Maximinus
675 3653 805 3717 condidit,
823 3649 957 3705 Aristides
975 3669 1040 3704 vero
1060 3652 1190 3704 dimensus
1209 3643 1281 3702 σιτί’

174 3734 227 3786 quo
250 3717 335 3785 dicto,
361 3720 482 3788 protinus
504 3727 594 3772 statua
615 3720 660 3772 itta
682 3739 716 3772 ex
742 3721 794 3774 alto
817 3721 925 3790 delapsa
949 3722 1094 3778 Himerium
1112 3719 1226 3786 afflixit,
1252 3723 1283 3772 ut

174 3787 304 3856 extemplo
331 3796 486 3842 moreretur.
521 3805 562 3841 ma
582 3797 668 3842 autem
686 3789 845 3859 perterrito,
868 3799 897 3844 et
914 3792 946 3844 ad
963 3792 1087 3862 templum
1104 3789 1282 3858 confugiente,

173 3864 202 3909 et
220 3857 290 3926 quod
308 3858 442 3911 acciderat
458 3859 643 3926 annuntiante,
661 3877 737 3913 nemo
754 3859 794 3923 id,
811 3860 895 3912 donec
909 3861 1079 3914 iureiurando
1093 3860 1283 3926 confirmarem,

173 3928 295 3980 credidit.
333 3929 433 3996 aliquot
448 3927 532 3996 igitur
549 3946 582 3980 ex
600 3930 729 3998 perempti
746 3929 866 3998 cognatis
884 3939 912 3983 et
928 3930 1099 3984 familiaribus
1114 3929 1284 3998 imperatoria

173 4013 273 4050 mecum
305 3998 337 4050 ad
367 3997 516 4066 cynegium
546 3997 683 4066 abierunt,
720 4005 749 4050 et
779 4011 917 4066 atttequam
946 4000 1091 4053 Himerium
1120 4003 1281 4070 prostratum

170 4066 432 4133 animadvertissent,
457 4075 563 4120 statuae
586 4085 674 4121 casum
696 4068 817 4120 admirati
834 4077 905 4122 sunt.
941 4076 1072 4122 caetorum
1090 4069 1202 4121 Ioannes
1219 4066 1280 4136 qui-

172 4133 231 4187 dam
255 4136 424 4207 philosophus
448 4137 549 4206 pridem
572 4155 602 4188 se
625 4138 760 4190 invenisse
784 4137 866 4202 dixit,
891 4139 949 4190 iore
972 4145 1003 4192 ut
1025 4138 1077 4191 isto
1101 4138 1179 4206 siguo
1200 4153 1282 4206 prae·

171 4201 259 4284 riorus
278 4209 383 4276 quidam
401 4206 445 4260 vir
463 4206 665 4275 opprimeretur.
700 4209 867 4276 quamobrem
882 4207 1043 4279 Philippicas
1058 4207 1203 4278 imperator
1217 4205 1282 4260 iliud

172 4287 275 4341 arguunt
292 4279 320 4330 iu
337 4277 428 4332 eodem
445 4275 503 4329 ioco
521 4283 593 4330 terra
611 4277 689 4330 obrui
704 4276 793 4330 iussit.
