2814 4608
202 197 277 278 aaa
509 193 687 286 morsu
712 195 770 264 nr
795 195 999 265 monson

199 401 293 452 senes
313 383 399 468 equis
416 377 641 462 vehiculisque,
662 376 718 440 sed
738 380 832 440 ettam
849 379 979 458 navigiis
995 399 1050 460 per
1065 381 1162 439 marie
1179 381 1310 445 fluvios·
1398 438 1403 465 ,

199 495 260 558 que
290 471 456 534 distributis
483 470 587 548 peragi
615 465 741 526 solitum
768 465 873 529 fuisse.
914 485 970 545 pro
999 463 1114 546 duplici
1140 470 1226 527 enim
1249 468 1310 530 hoc

198 562 290 622 modo
321 575 425 618 cursus
452 555 567 633 publici
593 549 729 633 duplices
750 553 844 610 etiam
862 551 948 610 fuere
968 553 1148 614 mutationes
1168 574 1226 614 seu
1245 565 1311 617 sta·

199 651 312 722 tiones,
336 661 447 722 nempe
466 647 620 700 terrestres
642 647 673 698 et
692 639 872 697 maritimae.
914 639 1016 697 Laus·

282 772 315 834 p.
333 751 376 816 37
397 769 426 810 v·
445 745 497 810 10.
538 743 682 824 δίκτυον]
705 741 783 802 mihi
803 741 931 803 dubium
950 761 1014 802 non
1034 753 1079 804 est
1098 744 1173 824 quin
1193 747 1312 806 utrobi-

200 859 260 924 que
292 831 376 918 apud
407 831 561 895 Codicum
586 828 781 892 scribendum
806 830 847 889 sit
874 827 1028 892 comtos:
1062 827 1136 888 dicit
1166 833 1251 890 enim
1277 834 1311 891 in

199 921 447 1006 praecedentibus
476 915 559 978 hunc
587 917 690 978 locum
715 917 759 975 ita
785 911 1015 974 denominatum
1041 915 1135 975 fuisse
1160 936 1180 975 a
1202 921 1310 978 statuis

199 1009 328 1070 duorum
364 1023 527 1088 equorum,
563 1022 639 1085 quas
672 999 789 1062 Phocus
815 1001 860 1060 ibi
887 1009 1035 1060 erexerat.
1082 1002 1129 1062 bis
1156 1004 1249 1062 etiam
1274 1005 1311 1064 fit

197 1093 337 1177 Dihippii
357 1091 473 1153 mentio
495 1087 577 1174 apud
596 1085 748 1150 Zonaram
768 1088 801 1145 in
821 1087 884 1148 vita
905 1086 1094 1146 constantini
1115 1088 1309 1172 Oopronymi.

196 1183 303 1244 baua.

282 1309 313 1368 p.
330 1287 372 1350 88
392 1304 423 1344 v.
439 1283 470 1348 8.
512 1282 573 1344 cciv
590 1271 708 1342 ddisse
724 1280 782 1342 wo·
797 1271 930 1359 μεγάλου
946 1279 1199 1359 Κονοτοντίνου]
1217 1299 1309 1362 supra

199 1371 280 1434 dixit
301 1369 433 1432 Godinus
454 1367 685 1426 Constantinum
704 1366 802 1424 Roma
820 1383 959 1424 evocasse
977 1375 1119 1447 quattuor
1135 1367 1308 1445 magistros,

198 1457 288 1520 Adon
315 1455 488 1518 Protasium
516 1451 715 1532 Scolymbum
742 1447 964 1525 Philoxenum,
998 1459 1029 1508 et
1062 1461 1130 1512 octo
1157 1455 1307 1532 patricios,

197 1545 332 1606 Probum
368 1540 555 1602 Domniuum
587 1537 715 1596 Darium
749 1537 891 1594 Maurum
922 1533 1107 1596 Rhodanum
1140 1537 1310 1597 Salustium

199 1629 373 1690 Modestum
403 1636 434 1685 et
464 1623 636 1700 Eubulum,
665 1623 763 1702 iisque
793 1620 880 1700 cpoli
908 1623 971 1680 suis
1001 1623 1170 1704 sumptibus
1198 1623 1309 1684 domus

199 1713 349 1776 aedificari
369 1729 504 1785 curasse,
525 1727 581 1788 per
601 1709 704 1766 omnia
724 1705 839 1765 similes
858 1707 921 1766 illis
942 1725 1018 1790 quas
1039 1709 1153 1768 Romae
1171 1711 1310 1789 relique-

199 1810 278 1862 rant.
325 1796 382 1858 has
409 1798 504 1876 igitur
532 1789 693 1854 duodecim
719 1791 789 1852 illas
818 1789 927 1851 domus
957 1811 1024 1852 essa
1052 1803 1138 1876 puto,
1172 1812 1308 1876 quarum

198 1907 291 1948 unam
312 1882 447 1946 eodinus
466 1879 527 1942 hoc
546 1881 615 1940 loco
636 1880 679 1940 ait
701 1879 944 1962 cognominatam
962 1879 1056 1940 fuisse
1070 1879 1176 1940 Lausi.
1195 1881 1307 1944 usus.

283 2011 313 2074 p·
334 1990 377 2056 88
396 2009 426 2052 v.
450 1989 501 2053 18.
544 1983 567 2065 ἦ
586 1981 620 2048 dl
640 1981 675 2048 iv
694 1987 737 2070 τῷ
757 1984 936 2068 sessim]
964 1995 1131 2047 statuarum
1150 2004 1228 2068 quae
1246 2006 1308 2066 po-

197 2079 274 2139 sitae
307 2079 431 2136 fuerunt
465 2075 500 2132 in
534 2072 645 2131 balneo
677 2070 838 2151 cpolitano
869 2083 1043 2152 nuncupato
1073 2071 1226 2153 Zeuxippi
1255 2073 1309 2132 sel

198 2163 376 2240 Zeuxippo,
409 2160 531 2235 elegans
564 2165 665 2216 exstat
696 2155 858 2238 descriptio
886 2154 1071 2218 Obristodori
1098 2169 1222 2238 poetae,
1254 2160 1308 2239 qui

198 2249 278 2307 vixit
305 2245 361 2304 sub
388 2244 549 2302 Anastasio
574 2244 695 2304 Dicoro.
737 2241 793 2304 sed
820 2262 978 2322 perperam
1004 2263 1085 2304 nuuc
1109 2245 1165 2302 illa
1185 2246 1218 2301 in
1240 2246 1307 2322 epi-

198 2339 367 2413 grammata
401 2326 531 2388 dissocm
563 2337 595 2385 et
627 2327 733 2408 quinto
768 2325 971 2408 Antbologlae
1000 2330 1078 2390 libro
1107 2331 1222 2388 inserta
1251 2339 1307 2392 est.

197 2419 304 2478 titulos
332 2417 397 2474 eius
425 2415 460 2472 in
486 2410 590 2472 codice
618 2431 666 2471 ms
693 2410 744 2471 hic
772 2411 914 2475 babetur:
947 2409 1156 2498 Xpsosodo'pov
1172 2418 1309 2494 ποιητοῦ

197 2507 255 2566 sori
289 2501 426 2580 Θηβαίου
457 2497 612 2560 Komiroc
644 2497 789 2579 ἔκφραυτς
820 2504 881 2562 τῶν
909 2494 1084 2582 ἀγαλμάτων
1108 2502 1172 2562 sois
1200 2499 1247 2572 εἰς
1274 2495 1311 2564 τὸ

198 2580 345 2668 δημόσιον
374 2577 546 2666 γυμνάσιον
570 2585 627 2646 τοῦ
652 2581 889 2665 ἐπικαλουμένου
911 2587 1094 2662 Ζευξίτυτου.
1134 2586 1169 2643 in
1186 2583 1310 2644 codici-

195 2673 254 2733 bus
273 2671 429 2750 impressis
448 2669 529 2728 mals
549 2687 605 2748 pro
627 2669 770 2732 κοπτίτου
791 2669 908 2730 editum
929 2683 976 2732 est
991 2672 1132 2737 κοπίτοντ
1157 2669 1307 2730 oriundus

198 2759 282 2818 enim
315 2758 373 2817 fuit
407 2751 619 2816 Christodoms
646 2756 822 2837 excepto,
853 2757 1047 2818 celeberrima
1074 2757 1150 2818 olim
1172 2758 1307 2838 Aegypti

197 2847 273 2906 urbe
302 2854 333 2904 et
358 2839 533 2902 Thebaidos
559 2843 730 2921 metropoli.
771 2853 926 2922 praeterea
943 2841 1113 2904 notandum
1132 2851 1179 2904 est
1197 2843 1231 2900 in
1250 2845 1306 2902 iis-

197 2929 271 2992 dem
291 2928 444 2990 codicibus
464 2939 533 3007 post
551 2947 674 2988 versum
695 2929 774 3004 120,
795 2923 834 2993 ου’
850 2924 953 3008 μόθον
966 2924 1103 2995 ἔντυνον
1118 2921 1304 3010 Πελοπήϊον,

197 3012 359 3094 ἰυτᾶμευος
378 3011 430 3090 tt,
457 3009 628 3074 tollendam
646 3032 712 3074 esse
731 3015 958 3094 inscriptionem
979 3015 1024 3090 εἰς
1045 3008 1253 3096 Πυθαγόρου,
1273 3023 1305 3071 et

196 3101 279 3160 facta
302 3099 543 3180 interpunctione
563 3107 633 3178 post
652 3117 760 3160 rocem
779 3094 957 3181 Πελοπήϊον
975 3101 1070 3161 rerba
1091 3093 1250 3180 ἱστάμενος
1269 3095 1304 3160 δέ

197 3186 264 3245 sina
285 3182 476 3244 distinctione
497 3180 685 3244 annectenda
704 3203 771 3246 esse
792 3188 933 3268 sequenti
954 3188 1071 3248 senui:
1104 3183 1213 3270 lapsos
1233 3185 1303 3246 Πυ·

196 3263 345 3354 cupiens.
388 3271 494 3330 nsua.

281 3393 313 3454 p.
332 3374 375 3439 88
395 3393 426 3435 r.
449 3373 499 3438 15.
541 3367 682 3455 βασιλικοὶ
706 3371 882 3457 sicomoro]
908 3395 1002 3458 prope
1028 3373 1109 3438 hanc
1129 3384 1196 3434 erat
1214 3373 1304 3454 pala-

195 3459 275 3520 tium
290 3461 324 3518 in
342 3477 402 3541 quo
420 3457 575 3520 habitabat
592 3460 736 3538 magister
754 3464 966 3522 oecumenicus
986 3481 1058 3522 cum
1075 3463 1117 3526 12
1135 3459 1303 3540 discipulis,

195 3547 268 3606 siris
287 3547 426 3606 inomni
446 3565 557 3626 genere
578 3543 731 3604 doctrinae
752 3548 969 3626 eminentibus,
997 3567 1034 3608 ao
1061 3547 1171 3630 quibus
1193 3549 1304 3605 incon-

95 3632 105 3650 '
195 3632 283 3692 sultis
303 3651 343 3692 ne
362 3633 423 3711 ipsi
443 3629 568 3714 quidem
585 3633 760 3712 imperatori
780 3651 869 3714 egere
888 3634 1051 3718 quicquam
1068 3633 1188 3692 licebat.
1230 3627 1303 3690 vide

195 3717 385 3778 Glossarium
409 3728 547 3778 nostrum
565 3718 599 3777 in
619 3711 806 3794 διδάσκαλος.
847 3721 993 3781 cisternae
1012 3738 1085 3781 vero
1108 3717 1197 3798 Opoli
1216 3725 1305 3774 erant

194 3805 314 3882 plures,
335 3822 397 3863 una
414 3805 554 3881 Mocisio,
575 3821 668 3885 quam
687 3805 865 3867 Anastasius
885 3805 1036 3883 condidit,
1057 3813 1135 3866 teste
1154 3799 1250 3865 Suida
1266 3801 1304 3857 in

192 3883 387 3962 Ἀναστᾶσιος
404 3899 434 3948 et
450 3891 623 3972 κίυστερνυε
642 3887 723 3948 hano
734 3887 793 3970 τήν
805 3893 862 3956 rosi
874 3889 964 3975 dyioo
978 3890 1111 3956 Montes
1123 3890 1305 3969 siccatorum

195 3975 329 4052 appellat
355 3971 520 4033 cedrenus.
563 3983 628 4034 erat
647 3976 723 4034 item
742 3975 871 4056 frigida,
898 3979 984 4038 cuius
1003 3975 1144 4036 meminit
1162 3971 1214 4034 hic
1234 3976 1305 4053 ipse

195 4069 299 4119 auctor
326 4077 427 4138 supra.
470 4059 562 4116 etiam
587 4061 728 4138 Asparis,
762 4059 802 4119 de
827 4081 887 4142 qua
915 4061 1079 4123 Cedrerrus.
1120 4063 1156 4120 in
1183 4057 1305 4120 descri-

194 4141 400 4214 ptioneurbis
418 4142 594 4223 cpolitanae
614 4153 676 4204 tres
696 4146 771 4206 alias
790 4146 928 4225 invenio,
954 4150 988 4208 in
1005 4149 1128 4227 regiona
1148 4143 1170 4209 5
1191 4143 1305 4207 'l'heo-

196 4219 368 4304 dosianam,
387 4231 421 4289 in
442 4229 483 4294 11
503 4225 699 4288 Arcadiacem
718 4241 749 4289 st
767 4229 991 4298 Modestiacams
1032 4235 1157 4294 urens.
