2814 4608
476 247 532 312 tn
561 245 759 312 CODINUM
783 245 939 310 NOTAE.
1187 249 1262 318 249

242 428 458 512 p,50v.12.
500 447 554 508 pro
583 425 633 490 tat
661 421 734 500 τοιίς
762 427 867 501 κίονας
887 426 1052 506 legendum
1073 429 1193 490 videtur
1214 432 1263 497 ἐπὶ

158 513 210 580 cbo
237 521 341 591 κίονα,
370 512 404 572 id
432 524 477 572 est
504 513 591 591 apud
617 524 687 570 ante
714 525 909 570 memoratam
931 513 1102 574 columnam
1128 520 1259 578 Veneris.

159 597 311 684 νίκιίχωροι
341 621 396 660 seu
427 591 651 680 οίττοχωρήματα
681 599 853 676 significant
880 598 931 657 hic
963 621 1091 659 secessim
1117 605 1167 662 vel
1197 605 1264 662 loca

157 701 268 746 secreta
297 686 339 744 et'
352 708 373 744 a
403 685 492 744 turba
521 695 670 762 separata.
715 686 879 744 Suetonius
907 687 1001 744 simili
1023 685 1060 743 de
1081 709 1113 745 re
1133 691 1263 768 loquens

157 776 311 834 distinctas
339 771 432 831 cellas
457 781 560 830 vocat.
595 770 741 848 lupanar,
772 773 887 852 inquit,
919 773 953 828 in
972 772 1092 850 palatio
1113 777 1264 832 constituit

156 862 361 938 distinctisque
389 869 416 914 et
444 858 596 915 instructis
622 855 826 958 compluribus
854 857 948 916 cellis.
995 852 1140 939 ὅτάχωροι
1169 879 1263 940 neque

155 947 274 1026 probari
304 955 418 1023 potest:
451 937 596 1022 ἃναίχοιροι
626 944 707 998 enim
737 941 876 1000 dicuntur
902 945 1065 1002 intervalla
1087 965 1140 1002 seu
1162 949 1264 1022 spatia

156 1035 328 1108 intersepta.
369 1049 424 1110 pro
453 1030 622 1108 κουρτίνων
651 1049 809 1106 perperam
834 1031 979 1106 scriptum
999 1031 1056 1088 fuit
1079 1033 1212 1112 κουρίοιν
1234 1043 1264 1089 et

155 1121 313 1219 κουρτίων.
357 1114 438 1174 unde
465 1123 548 1192 patet
576 1111 666 1171 nihili
692 1134 756 1172 esse
783 1115 964 1172 vccabulum
990 1117 1145 1195 κουρτίον,
1182 1117 1265 1197 quod

156 1207 244 1264 unica
275 1201 366 1260 huius
394 1199 499 1258 mendi
528 1201 704 1258 auctoritate
730 1201 822 1258 nixus
851 1203 999 1259 Meursius
1028 1203 1178 1260 Glossario
1209 1223 1264 1262 suo

155 1291 293 1348 Graeco·
301 1289 424 1346 barbaro
446 1287 581 1347 inseruit.
624 1286 785 1366 κονρτίνας
805 1297 906 1344 sutem
927 1289 977 1344 vel
998 1290 1136 1367 κορτίνας
1157 1290 1264 1346 Graeci

156 1376 336 1432 recentiores
364 1383 473 1431 vocant
499 1371 582 1440 uela,
613 1371 722 1452 quibus
738 1371 860 1474 aliquid
882 1373 1039 1450 obtegitur.
1082 1375 1264 1480 Martyrolo-

157 1465 241 1538 gium
269 1461 302 1516 in
328 1478 408 1537 pass.
436 1457 467 1517 S
489 1459 607 1562 Irenes:
641 1455 694 1518 καί
716 1481 795 1520 ουτοι
817 1454 1023 1538 κρυπτόμενος
1043 1454 1104 1520 tel
1125 1461 1264 1540 κορτίνας

158 1544 320 1606 διδασκέτω
347 1539 504 1652 γρρίμματα
532 1539 588 1620 τήν
617 1541 771 1625 θυγατέρα
797 1541 898 1622 ἡμῶν.
940 1547 983 1601 ite
1005 1545 1096 1600 etiam
1118 1541 1263 1604 hocloco

158 1630 291 1690 Codinus
311 1631 452 1710 κορτίνας
472 1629 606 1707 appellat
634 1629 715 1698 vela,
747 1630 856 1707 quibus
879 1631 973 1687 cellae
994 1631 1187 1688 meretricum
1206 1634 1265 1688 cir-

157 1716 314 1776 cumdatae
342 1726 436 1774 erant.
480 1713 561 1793 apud
583 1715 674 1772 Italos
696 1715 799 1773 Gallos
824 1725 853 1772 et
874 1716 1039 1774 Gennanos
1061 1713 1151 1774 hodie
1173 1718 1265 1794 vulgo

155 1813 367 1882 nuncupantur
388 1803 520 1862 cortinae
540 1801 608 1858 vela
629 1801 717 1857 lanea
738 1801 787 1858 vel
805 1802 887 1858 linea
905 1803 955 1858 vel
973 1802 1167 1880 bombycina,
1194 1805 1264 1881 qui-

154 1889 211 1947 bus
233 1890 305 1946 lecti
327 1885 601 1946 circumcluduntur
621 1895 686 1942 tam
706 1883 746 1942 ad
766 1887 898 1944 curiosos
919 1887 1021 1946 oculos
1042 1907 1134 1967 quam
1153 1889 1265 1946 culices

156 1973 311 2032 arcendos.
356 1992 415 2052 quo
447 1973 566 2030 facilius
599 1982 702 2029 sutem
736 1969 885 2030 eiusmodi
916 1975 1047 2030 cortinae
1078 1971 1265 2034 adducantur

155 2061 204 2115 vel
233 2058 428 2130 diducuntur,
458 2059 557 2116 solent
583 2058 763 2136 plerumque
793 2059 920 2116 circellis
948 2060 999 2116 vel
1027 2061 1146 2118 annulis
1170 2061 1264 2119 aereis

155 2143 309 2222 suspendi.
352 2142 453 2200 eidem
489 2161 610 2222 quoque
646 2145 715 2202 usui
751 2145 878 2202 servisse
910 2154 983 2222 puto
1013 2145 1087 2202 istos
1118 2147 1264 2219 circellos,

153 2249 232 2309 quos
262 2249 330 2286 cum
361 2229 482 2288 cortinis
512 2229 703 2286 meretricum
729 2229 856 2286 latibula
884 2230 1025 2288 ambiisse
1050 2227 1182 2288 Godinus
1207 2229 1265 2292 hoc

154 2317 221 2375 loco
250 2317 352 2374 refert.
396 2325 548 2372 caeterum
575 2315 728 2391 κρικέίλος
755 2316 988 2393 transpositione
1014 2316 1183 2374 litterarum
1209 2338 1264 2396 pro

152 2399 308 2482 κιρκέλίος
337 2398 451 2458 dictum
480 2410 542 2472 est,
571 2409 606 2456 ut
634 2399 741 2478 κρίκος
767 2419 821 2478 Ριο
852 2401 971 2480 κίρκος,
1001 2398 1060 2460 ίιοα
1085 2413 1130 2460 est
1158 2404 1264 2462 circus.

153 2489 185 2544 in
208 2489 281 2546 actis
304 2488 425 2544 Graecis
448 2484 479 2548 S.
501 2486 639 2543 Silvestri
660 2487 719 2544 PP.
740 2487 755 2542 1
775 2483 897 2544 ineditis
920 2488 1075 2544 observari
1093 2486 1266 2568 κρικέίίους

151 2576 254 2632 vocari
280 2573 410 2644 aanztlos
437 2591 551 2640 aereos,
583 2573 616 2627 in
645 2590 721 2649 quos
752 2581 856 2629 catena
884 2573 1094 2631 intromittitur
1115 2572 1154 2632 ad
1176 2576 1265 2634 obse-

153 2657 284 2716 randum
309 2660 430 2714 ostium.
476 2655 658 2734 verba1psa
678 2653 754 2712 haec
775 2667 862 2714 sunt.
893 2659 945 2720 καὶ
968 2652 1108 2748 ειίρησεις
1129 2683 1161 2721 το
1186 2655 1265 2738 σπη’-

154 2747 241 2804 ίαιον
269 2739 439 2849 optinuere,
472 2739 551 2800 ἔνθα
579 2737 598 2799 d
627 2735 748 2842 δράκων
775 2737 956 2816 noctigenas,
989 2741 1066 2802 lu
1045 2766 1068 2824 ῳ
1093 2741 1265 2806 cluiuilius

153 2826 293 2907 xcluui'
283 2825 402 2905 ἔχουσαι
422 2821 604 2904 secretiore.
648 2817 720 2928 useel
743 2847 819 2904 γουν
840 2822 875 2888 td
895 2831 1053 2887 κατελθεῖν
1076 2847 1107 2888 σε
1129 2828 1265 2890 laenate-

155 2908 285 3017 σρίμενος
305 2906 338 2972 rb
359 2906 456 2990 ὄνομα
475 2931 529 2970 του
552 2907 660 2990 κυρίου
679 2902 778 2987 Ἰησου
798 2915 931 2990 Χριστον
949 2905 1082 2984 ἕλκυσεις
1101 2909 1175 2993 πρὸς
1195 2912 1265 3017 ἔαρ-

153 3020 209 3060 τον
235 2993 290 3070 τὰς
315 2991 433 3097 κυίαςῑ
463 2993 515 3056 καὶ
544 2992 577 3056 ἐν
606 2999 669 3067 τοῖς
695 2993 860 3076 κρικέίλοις
887 2991 991 3058 adreio
1020 2995 1182 3084 εἰσαγίγης
1208 2995 1264 3080 τὴν

153 3078 261 3146 diiecto
282 3087 337 3160 τῆς
357 3075 506 3158 κατήνας,
529 3078 581 3140 καί
602 3082 722 3154 κλείσας
743 3079 819 3182 ἐρεῖς
842 3093 899 3140 etc.
944 3084 1041 3139 Ιιιιιιι.

236 3189 266 3246 Ρ.
290 3170 330 3230 51
354 3187 383 3226 ι.
406 3167 456 3229 11.
499 3161 676 3243 βασιλικους
705 3159 865 3246 deiparae
889 3166 1010 3226 videtur
1037 3187 1145 3227 vocare
1172 3189 1264 3228 naves

153 3255 295 3355 expediti.
304 3273 422 3324 cursus,
454 3252 562 3332 quibus
583 3252 747 3330 imperator
766 3255 921 3328 utebatur,
948 3273 1018 3312 cum
1038 3255 1116 3311 mari
1137 3257 1195 3312 iter
1215 3257 1264 3314 fa-

153 3351 243 3402 ceret.
285 3341 319 3396 in
341 3337 407 3397 cod.
429 3340 496 3398 Vat.
520 3337 665 3416 scriptum
686 3339 790 3395 inveni
808 3335 970 3422 δρομασινε
993 3336 1144 3422 δρομάδες
1163 3351 1264 3400 autem

151 3437 223 3486 sunt
245 3442 319 3504 quas
342 3423 485 3484 Sidonius
507 3425 657 3480 cursorios
678 3427 822 3503 appellat.
864 3429 962 3486 Laus.

236 3532 268 3590 p.
288 3511 329 3574 51
351 3531 381 3573 s.
404 3505 475 3570 14
498 3508 691 3568 scribendum
713 3514 899 3590 Γαλίιηνοῦι
919 3512 1055 3591 loquitur
1072 3507 1110 3568 de
1125 3511 1263 3568 Gallieno

151 3600 331 3678 imperatore
351 3596 505 3654 Valeriani
525 3593 597 3656 filio.
639 3597 737 3656 nna.

237 3705 267 3762 Ρ
289 3687 330 3746 52
351 3701 381 3740 v.
403 3680 433 3743 5.
476 3675 621 3762 νεώριον,
654 3677 911 3760 quemadmodum
938 3682 1117 3740 Latinorum
1140 3677 1263 3747 navale,

153 3781 182 3828 et
201 3780 325 3847 portum
346 3766 495 3845 significat
516 3777 546 3824 et
567 3767 669 3824 locum
689 3768 741 3825 ubi
762 3786 853 3825 naves
874 3765 1066 3831 fabricantur
1110 3767 1153 3824 sic
1178 3763 1264 3840 epoti

154 3853 214 3912 duo
245 3855 330 3912 suere
360 3855 427 3912 loca
455 3854 611 3910 nominata
640 3849 767 3932 νεώρια,
800 3872 929 3932 qnorum
958 3871 1038 3911 unus
1068 3861 1132 3908 erat
1159 3858 1263 3927 portus

153 3941 361 4012 manufactus,
393 3958 486 4018 quem
515 3939 638 4018 antiqua
666 3939 748 3998 urbis
781 3935 940 4017 descriptio
970 3939 1117 3995 Neorium
1139 3945 1264 4034 portum

154 4034 242 4082 vocat
263 4034 294 4080 et
313 4025 408 4084 fuisse
428 4022 547 4082 tradit
539 4045 571 4080 ιιι
592 4023 714 4101 regione
736 4035 839 4087 sextu.
873 4025 947 4082 alter
973 4019 1153 4082 fabricandis
1175 4021 1264 4077 navi-

154 4110 211 4168 bus
243 4107 409 4168 destinatus
438 4120 516 4184 erat,
552 4128 643 4189 quem
672 4111 794 4190 antiqua
823 4109 906 4170 urbis
934 4109 1092 4184 descriptio
1122 4105 1263 4162 Navalia

154 4195 288 4274 appellat
320 4205 350 4252 et
379 4197 413 4252 in
443 4195 560 4255 decima
588 4195 676 4254 tertia
705 4199 827 4274 regione
851 4197 945 4254 fuisse
967 4193 1067 4250 refert.
1114 4187 1262 4250 hocloco

154 4279 289 4341 Godinus
318 4277 355 4338 de
383 4283 490 4339 Neorio
520 4291 608 4362 portu
636 4283 786 4364 loquitur,
815 4301 907 4362 quem
929 4279 971 4338 ait
991 4277 1105 4336 fectum
1126 4277 1220 4338 fuisse
1245 4295 1262 4334 a
