2814 4608
188 199 262 270 220
494 195 671 262 MEURSII
695 195 751 260 ET
777 197 980 262 LAlllBEGII

186 383 265 460 gitur
293 372 488 460 σινμνιόόης,
519 395 611 457 quam
636 377 799 436 lectionem
819 385 939 436 secutus
958 377 1084 437 inferius
1105 371 1196 440 τόιιον
1217 397 1294 442 σιιυ-

186 462 292 548 μνοόόη
312 465 562 524 verteratlccum
583 463 689 522 catulis
710 463 835 522 leonum
856 461 1049 522 destinatum.
1091 464 1194 522 Issus.

269 571 299 630 p.
322 550 363 612 14
384 569 412 609 v.
434 550 484 613 18.
535 547 568 610 έν
599 544 632 610 dl
663 551 706 633 τῷ
735 549 965 633 τριαιιοσιοστῷ]
1001 547 1070 607 ride
1100 549 1228 609 Suidam
1260 551 1294 609 in

186 639 415 708 Κωνσταντῖνος
440 631 459 696 ό
488 631 595 715 μέγας,
626 633 701 692 item
727 634 761 690 in
792 629 1120 706 Κωνστοντινοόιτολις.
1164 637 1291 696 Msuns.

267 741 298 800 p.
320 717 361 784 14
381 739 410 780 v.
433 717 485 780 19.
531 713 593 780 α’πό
625 710 804 800 Αόγοόστου
837 719 992 798 Καίσαρος
1021 720 1201 798 μοναρχίας,
1236 725 1293 799 τῆς

181 803 394 950 όόὶλβόῗέίλ
403 797 544 948 {filil
558 802 1064 949 ¹²tit⁰⁰l⁰⁵l¹5m¹itlttiil⁸
1081 803 1291 954 Zssrflffi

182 995 252 1040 στου
274 976 429 1057 Καίσαρος
448 968 471 1055 ἦ
491 975 639 1054 μοναρχία
660 910 787 1054 sculdic
801 979 839 1058 τῇ
852 910 1038 1060 πρεξβυτέργ
1053 969 1162 1061 Ῥαόμη.
1183 915 1287 1042 Iulian

180 1059 350 1142 Hesychius
378 1071 459 1120 certe
486 1061 584 1139 aptius
614 1057 663 1138 (p.
684 1059 761 1142 43):
792 1057 849 1123 δύο
870 1059 923 1122 καί
944 1057 1089 1141 ἑξήκοντα
1109 1063 1289 1142 τριακοσίων

181 1143 244 1212 circo*
263 1151 318 1228 τῆς
338 1139 521 1228 Αὐγούστου
543 1145 696 1229 Καίσαρος
717 1147 880 1228 μοναρχίας
900 1141 1122 1228 διεληλυθότων
1140 1145 1289 1210 ἐνιαυτῶν

180 1237 236 1313 τῆς
254 1231 456 1315 πρεσβυτέρας
474 1225 596 1310 Ῥοόμης.

265 1339 297 1398 p.
320 1314 360 1380 14
380 1337 408 1376 v.
430 1317 482 1383 21.
525 1309 718 1397 όφιγμένων,
755 1318 984 1390 Κωνσταντῖνος
1018 1313 1037 1378 o‘
1072 1317 1287 1378 Κωνσταντίου

180 1403 272 1484 τεαῖς]
300 1403 343 1461 ita
369 1400 446 1460 haec
475 1402 616 1461 continua
642 1403 719 1462 serie
745 1399 875 1478 legenda
902 1412 981 1461 sunt.
1023 1403 1057 1459 in
1083 1403 1285 1480 superioribus

182 1488 363 1548 editionibus
393 1496 463 1568 post
491 1505 598 1547 vocem
629 1481 805 1568 ιίφιγμίνιιν
836 1488 1061 1567 interpunctum
1093 1499 1172 1562 erat,
1208 1507 1285 1547 noro

180 1576 381 1656 subsequente
395 1573 499 1632 titulo:
521 1566 596 1653 α’ρχή
610 1576 668 1635 τοῦ
681 1568 812 1654 μεγόλου
827 1574 1069 1636 Κωνστανιίνου.
1112 1584 1231 1632 caetera
1243 1575 1286 1631 ita

180 1661 372 1739 legebantur:
407 1664 636 1730 Κωνσταντῖνος
657 1655 676 1719 ό
699 1652 896 1732 Κοίνσταντος
916 1663 988 1731 παῖς
1010 1667 1068 1716 etc.
1113 1657 1167 1717 sed
1197 1669 1287 1717 ante-

183 1765 275 1826 quam
302 1745 427 1804 ulterius
453 1742 639 1824 progrediar,
667 1743 741 1801 libet
761 1741 811 1801 hic
831 1742 999 1802 adscribere
1019 1745 1219 1822 fragmentum
1242 1764 1286 1802 ex

181 1831 289 1890 incerti
310 1827 467 1890 cuiusdam
488 1830 559 1887 lulii
577 1829 709 1888 Pollucis
728 1825 868 1888 chronico
884 1827 1031 1888 hactenus
1045 1827 1168 1904 inedito,
1193 1831 1285 1887 cuius

182 1919 357 1992 collatione,
380 1934 457 1996 quae
478 1912 620 1994 deinceps
641 1913 772 1974 Codinus
792 1925 894 1973 narrat
910 1914 948 1973 de
963 1916 1156 1974 Constantino
1169 1933 1285 1993 magno

182 2013 212 2061 et
240 2004 455 2062 instauratione
485 2001 639 2080 Byzantii,
669 2002 779 2080 corrigi
805 2010 834 2058 et
859 2002 1004 2060 illustrari
1032 2011 1167 2080 possunt.
1211 1998 1229 2063 ό
1252 1997 1287 2062 δὲ
1386 2039 1387 2086 3

182 2086 322 2168 βασιλευς
354 2092 582 2161 Κωνσταντῖνος
613 2117 656 2132 -
687 2079 844 2169 runcinus
876 2080 989 2161 ου’τοός
1021 2085 1091 2169 (ed.
1120 2083 1226 2145 Hardt.
1254 2107 1287 2165 p.

181 2169 393 2252 268—274).
435 2175 538 2230 Lsnn.

265 2275 295 2332 P·
317 2252 358 2320 14
379 2276 408 2316 v.
431 2261 481 2319 22.
525 2251 580 2332 τήν
599 2254 735 2317 νέαν-
758 2257 1008 2338 Κωνσταντίνου]
1035 2255 1111 2317 haec
1130 2259 1223 2318 verbs
1245 2277 1285 2314 ex

181 2337 334 2399 codicibus
355 2341 473 2419 scriptis
495 2350 525 2398 et
547 2337 699 2420 Hesychio
719 2342 762 2398 ita
783 2341 974 2402 reformanda
993 2354 1079 2403 aunt:
1111 2341 1186 2406 νέαν
1214 2336 1285 2404 dcl·
1385 2393 1386 2418 ,

181 2445 264 2504 στησι
283 2423 399 2507 Ῥοίμην
420 2422 477 2505 την
496 2427 555 2488 νῦν
575 2422 897 2492 Κωνσταντινοότιολιν
917 2427 1092 2510 λεγομένην,
1123 2428 1177 2490 καί
1204 2451 1286 2510 προ-

179 2505 287 2590 θύμως
309 2505 517 2590 οίνασχομένην
537 2506 593 2590 την
613 2513 827 2594 προσηγορίαν.
870 2516 973 2574 Issus.

262 2616 292 2674 p.
309 2597 348 2660 15
369 2615 397 2653 v.
413 2601 442 2658 2.
485 2591 556 2668 τοός
577 2594 768 2674 Τρωαόικοιίς
784 2591 951 2682 ίμβόλους]
973 2597 1051 2658 huuc
1064 2600 1167 2658 locum
1180 2597 1287 2656 inter-

178 2699 247 2760 pres
274 2701 336 2740 non
362 2682 434 2740 satis
458 2682 624 2742 intellexit:
651 2692 687 2742 tu
707 2694 790 2742 verte
819 2686 950 2743 Troiana
971 2697 1075 2746 rostra.
1118 2693 1202 2741 erant
1226 2702 1286 2742 au·
1384 2703 1385 2718 ν

178 2777 241 2824 tem
270 2777 365 2828 rostra
386 2769 474 2846 Gpoli
493 2769 585 2828 νοτία.
628 2787 741 2848 magna
762 2773 915 2830 exstruxit
936 2773 1040 2852 quinto
1061 2770 1181 2850 imperii
1202 2788 1284 2828 anno

178 2851 339 2914 Arcadius:
375 2851 435 2912 duo
457 2871 577 2934 quoque
599 2855 828 2931 Constantinus,
857 2866 934 2915 teste
956 2855 1102 2918 cedreno.
1145 2865 1176 2912 et
1197 2865 1284 2912 erant

178 2949 318 3018 quattuor
346 2940 420 3013 alia,
450 2958 526 3019 quae
553 2940 609 2998 sub
638 2941 832 3000 Constantino
859 2961 972 3020 magno
996 2944 1110 3001 fecerat
1134 2940 1283 3014 Eubulus,

177 3033 212 3082 ut
231 3025 297 3102 ipse
317 3021 367 3082 hic
390 3035 492 3084 auctor
509 3025 589 3082 infra
607 3023 703 3088 docet.
744 3027 883 3084 meminit
900 3030 992 3085 etiem
1006 3027 1151 3087 Domnini
1169 3035 1283 3084 rostro-

177 3127 246 3165 rum
274 3107 425 3168 Oedrenus
446 3121 476 3169 et
497 3107 677 3170 Theodorus
697 3113 871 3191 Anagnosta
892 3115 995 3192 Eolog.
1018 3118 1054 3188 2,
1088 3110 1169 3192 apud
1190 3131 1281 3191 quem

176 3202 279 3251 tamen
315 3205 452 3275 corrupte
487 3197 599 3274 legitur
635 3195 668 3258 έν
701 3202 765 3269 τοῖς
798 3192 944 3278 Δομνόου
975 3193 1122 3278 ἐμβόλοις.
1166 3197 1280 3274 corrige

176 3279 341 3358 Δομνένου.
384 3290 455 3340 sunt
484 3283 591 3339 ultima
620 3281 711 3340 verba
739 3285 882 3362 Eclogae.
926 3285 1148 3364 conflagrarunt
1179 3292 1281 3339 autern

177 3382 212 3420 ea
234 3365 289 3422 sub
310 3369 424 3426 Isaocio
446 3368 580 3445 Angelo,
601 3375 636 3425 ut
656 3377 782 3427 testatur
801 3371 920 3428 Nicetes
935 3372 968 3426 in
984 3372 1047 3428 eius
1062 3371 1134 3432 vita.
1155 3370 1280 3430 Manus.
1382 3379 1383 3430 ί

174 3451 206 3506 in
228 3447 314 3510 codd.
336 3453 401 3515 Vat.
423 3449 532 3513 codini
553 3463 583 3511 et
606 3453 669 3513 cod.
692 3455 830 3514 Palatino
850 3453 995 3534 Hesychii
1010 3476 1065 3534 pro
1086 3446 1281 3529 Τρωαδιιιοός

174 3535 285 3612 legitur
307 3538 525 3616 Τρωαόησίους.
573 3535 766 3618 Τρωαδήσιος
787 3551 889 3598 eutem
907 3542 1068 3600 formatum
1090 3549 1136 3598 est
1157 3558 1199 3596 ex
1217 3541 1281 3596 Iro-

174 3620 239 3678 tina
266 3624 475 3682 terminatione
495 3625 529 3682 in
550 3627 640 3695 eneis,
670 3635 705 3682 ut
726 3619 897 3706 Θρακήσιος
924 3627 1113 3696 Thr-arensis,
1144 3626 1280 3704 Ναρβω-

173 3698 281 3784 νήσιος
312 3707 532 3779 Narbonensis,
565 3704 816 3790 Λουγδοννήσιος
847 3711 1076 3792 Lugdunensis,
1110 3705 1282 3790 Κιρνήσιος

179 3791 332 3855 Curensis.
375 3795 551 3872 intelligunt
580 3796 674 3873 igitur
703 3795 835 3856 eodinus
864 3808 894 3855 et
924 3796 1092 3878 Hesychius
1121 3816 1177 3875 per
1205 3790 1281 3866 τοιίς

180 3877 392 3959 Τρωαδησίυνς
418 3875 564 3958 ἐμβόλους
591 3878 670 3938 nihil
698 3881 782 3940 uliud
808 3903 900 3963 quam
928 3884 1110 3942 Doadenses
1126 3882 1280 3958 porticus,

174 3980 303 4040 quarum
322 3963 462 4021 meminit
482 3976 585 4024 auctor
605 3968 746 4046 antiquus
766 3969 798 4025 in
821 3967 1019 4049 descriptione
1042 3968 1175 4045 regionis
1198 3964 1280 4024 duo-

175 4045 317 4108 decimae.
360 4045 431 4105 hinc
451 4058 534 4125 petet
556 4061 703 4127 quantum
724 4063 822 4112 errent
843 4057 896 4134 qui
921 4049 1112 4136 Τρωαόικοιίς
1130 4045 1282 4131 ἐμβόλους

174 4125 223 4186 hio
251 4131 430 4194 vertendum
462 4151 527 4190 esse
558 4148 681 4196 censent
715 4140 846 4196 Ίλοὶοττα
873 4151 978 4201 rostra.
1022 4135 1166 4218 equidem
1196 4139 1281 4196 anti-

174 4215 275 4290 quitus
305 4219 431 4300 έμβολος
458 4215 645 4296 significabat
669 4233 797 4282 rostrum
823 4227 928 4285 nocis:
959 4223 1175 4284 recentioribus
1205 4243 1281 4283 vero
