2814 4608
446 213 505 284 AD
531 209 730 282 conflatur
753 213 908 282 NOTAE.
1154 217 1229 290 237

210 420 242 482 p·
261 399 303 464 37
325 417 354 462 v.
375 395 406 465 5.
446 389 628 474 κουντουροι
647 403 679 452 et
698 385 851 474 ποόντορν
874 391 926 454 hio
951 393 1121 472 significant
1141 417 1230 477 equos

127 506 234 546 cursus
247 483 380 564 publici,
400 481 446 540 nti
466 481 558 538 etiam
577 482 611 538 in
630 479 717 539 titulo
736 479 778 542 17
798 480 869 538 libri
885 480 927 542 57
946 481 1051 560 Eclog.
1070 483 1232 560 Basilicon,

128 574 182 654 qui
203 573 246 630 ita
267 577 427 647 conceptus
449 576 511 625 est:
542 564 611 647 περλ
631 569 687 626 τοῦ
708 565 855 644 δημοσίου
878 557 993 646 δρόμου
1014 565 1066 630 καλ
1087 573 1149 630 τοῖν
1169 575 1233 644 τοῖς

128 651 305 737 κοντοτῖρονς
338 649 510 736 χρωμένων.
552 652 587 709 in
621 648 690 710 cod.
717 651 785 716 Vat.
815 669 870 730 pro
899 646 1093 732 novocoo'quv
1122 654 1234 733 legitur

127 737 319 824 uooqoor'puv.
358 741 531 821 πονρσοῖρες
561 745 663 794 autem
694 736 815 794 Graecis
846 735 1061 798 recentioribus
1089 751 1233 800 vocantur

126 829 244 887 nuntii:
267 823 388 885 videtur
408 842 479 901 ergo
501 819 524 902 cf
545 812 660 903 dllayq'
681 823 747 882 τῶν
762 815 946 904 κουρσοῖροον
967 822 1148 904 exponenda
1169 846 1233 886 esse

127 915 229 985 statio,
256 912 311 970 ubi
332 928 467 969 cursores
488 927 543 966 seu
562 907 663 965 nuntii
683 925 778 986 equos
799 907 966 982 mutabant,
1007 929 1070 968 non
1092 909 1235 990 equidem

125 996 185 1058 hoc
212 996 378 1057 absurdum
405 1003 466 1070 est,
494 991 549 1052 sed
574 1002 677 1052 tamen
702 996 801 1071 magis
827 990 905 1051 mihi
924 994 1023 1073 placet
1043 1005 1078 1054 ut
1096 1017 1151 1076 pro
1173 1001 1235 1059 τῶν

125 1078 311 1165 κουροοὶροου
332 1081 480 1142 scribatur
499 1081 560 1141 τῶν
579 1079 792 1159 πουμοωρίων,
815 1079 928 1138 scilicet
948 1079 1052 1142 ἵππων
1071 1084 1122 1141 vel
1141 1078 1233 1156 ζώων.

125 1168 217 1232 ῗπποι
235 1163 417 1250 πουρσολρτοτ
438 1185 493 1224 seu
514 1165 584 1243 equi
602 1167 728 1223 cursorii
748 1162 887 1224 dicuntur
905 1166 976 1246 equi
993 1165 1115 1245 publico
1135 1171 1235 1226 cursui

127 1252 278 1314 destinati
319 1255 354 1309 in
374 1249 440 1310 cod.
463 1246 584 1309 Theod.
606 1251 798 1328 appellantur
818 1252 888 1328 equi
907 1251 1073 1324 cursuales,
1102 1263 1132 1311 et
1154 1251 1234 1334 apud

126 1339 257 1398 Graecos
277 1339 352 1396 iuris
373 1346 509 1394 auctores
532 1337 592 1408 ζοῑοι
612 1331 750 1415 δρομικοί.
795 1337 919 1394 cursorii
941 1346 1043 1395 autem
1058 1339 1235 1418 simpliciter

126 1422 186 1484 hic
201 1421 341 1482 dictantur
360 1441 416 1502 pro
438 1422 578 1480 cursoriic
598 1421 696 1499 equis,
722 1417 756 1478 ut
776 1417 857 1500 apud
877 1419 1037 1480 Sidonium
1058 1443 1106 1502 ep.
1130 1427 1148 1490 5
1169 1427 1190 1483 l
1214 1427 1232 1486 1

128 1511 264 1567 cursoria
292 1527 347 1587 pro
374 1527 450 1566 nave
480 1503 611 1564 cursoria
630 1525 686 1564 seu
706 1507 806 1564 cursui
826 1507 951 1586 publico
967 1509 1119 1567 maritimo
1142 1508 1236 1567 desti-

126 1604 214 1652 nata:
250 1594 362 1666 licini,
382 1593 496 1675 inquit,
524 1593 689 1650 cursorium
716 1591 778 1672 (sic
798 1593 919 1671 navigio
939 1592 1073 1674 nomen)
1098 1592 1232 1653 ascendi.

126 1681 230 1739 haue.

213 1785 246 1844 p.
266 1763 309 1827 37
329 1781 357 1823 v.
377 1761 408 1826 5.
448 1753 651 1843 η’ντζοκόπησε
670 1755 707 1824 cd
725 1754 914 1843 uodcrooqo]
936 1783 1042 1824 sensus
1056 1763 1147 1824 huius
1164 1767 1235 1840 loci,

129 1861 278 1932 quantum
299 1851 469 1908 coniectura
488 1849 609 1929 assequi
628 1867 769 1926 possum,
790 1849 817 1906 is
835 1858 897 1922 est,
918 1845 1053 1908 Phooam
1071 1862 1236 1930 tyrannum

129 1955 221 2016 quarn
247 1937 350 1994 nescio
378 1935 416 1992 ob
446 1953 566 1992 causam
594 1933 642 1990 ΟΡ
670 1934 856 2012 profugisse,
885 1943 931 2010 et,
962 1943 996 1992 ut
1019 1937 1058 1994 iis
1085 1937 1139 2016 qui
1165 1957 1237 1995 eum

127 2023 363 2102 insequebantur
382 2019 553 2098 fugientem
573 2019 755 2095 elaberetur,
778 2020 863 2100 equis
886 2020 1024 2078 cursoriis
1043 2041 1097 2080 seu
1113 2023 1236 2100 publico

129 2108 230 2164 cursui
251 2105 408 2164 destinatis
429 2124 539 2164 nervos
558 2102 716 2180 incidisse,
737 2115 902 2185 posteaque
922 2105 955 2162 in
974 2105 1082 2164 urbem
1101 2105 1235 2184 rediisse,

128 2192 316 2272 imperioque
344 2191 475 2270 potitum
495 2188 534 2249 ad
552 2201 730 2269 perpetuam
752 2191 817 2250 eius
838 2191 883 2249 rei
901 2193 1081 2250 memoriam
1103 2195 1235 2252 erexisse

130 2275 204 2336 duas
227 2296 372 2358 equorum
392 2286 525 2353 statuas,
560 2277 669 2356 quibus
691 2277 777 2334 nervi
798 2275 927 2334 crurales
948 2276 1037 2336 incisi
1058 2289 1174 2354 essent,
1206 2289 1236 2338 et

128 2363 232 2422 locum
260 2364 297 2421 ab
324 2363 362 2420 iis
389 2359 599 2420 denominasse
624 2361 774 2423 δτλππτον.
815 2358 870 2420 sed
889 2380 996 2420 vereor
1014 2381 1054 2420 ne
1075 2383 1130 2423 suo
1150 2383 1235 2424 more

129 2447 262 2506 colinus
283 2445 416 2506 Phooam
435 2457 600 2526 tyrannum
621 2445 786 2506 confundat
803 2465 874 2505 aum
891 2445 990 2506 Barda
1006 2446 1122 2524 Phoco,
1144 2451 1235 2508 Nice-

116 2539 120 2559 ¹
127 2530 217 2614 phari
244 2530 363 2592 Phocoe
389 2533 578 2611 imperatoris
604 2543 730 2612 nepote,
763 2535 849 2592 ouius
871 2533 1015 2592 exsilium
1035 2544 1064 2593 et
1085 2533 1235 2594 affectatio

127 2620 249 2698 imperii
268 2617 491 2696 quodammodo
514 2617 602 2695 quasi
620 2619 728 2676 umbra
748 2627 819 2676 sunt
837 2615 930 2678 huius
949 2619 1072 2678 fabulae
1093 2618 1131 2678 de
1151 2618 1235 2680 Pho-

130 2721 183 2760 ουτ
203 2704 325 2782 tyranni
343 2703 417 2780 fuga
438 2710 468 2758 et
488 2699 647 2779 adeptione
667 2703 798 2780 imperii.
840 2713 991 2762 caeterum
1012 2704 1095 2784 quod
1116 2707 1159 2764 ait
1175 2708 1234 2765 Go-

130 2785 221 2845 dinus
248 2783 384 2844 Phooam
408 2804 517 2845 nervos
544 2804 693 2866 equorum
711 2785 870 2862 incidisse,
901 2807 940 2846 ne
961 2792 1031 2846 usui
1051 2800 1153 2848 essent
1171 2792 1234 2850 illis

130 2873 185 2953 qui
204 2873 306 2950 ipsum
325 2871 576 2951 insequebantur,
606 2872 670 2930 eius
690 2875 734 2929 rei
755 2874 932 2952 exemplum
952 2881 1052 2931 exstat
1072 2873 1153 2952 apud
1171 2877 1235 2933 Zo-

130 2975 238 3016 naram
271 2958 304 3014 in
338 2959 402 3016 vita
434 2955 594 3016 Iustiniani
627 2953 815 3016 Rhinotmeti
845 2955 1012 3016 secundum
1041 2960 1233 3038 imperantis:

132 3037 196 3106 εἶτα
227 3039 300 3116 τους
330 3042 443 3117 λππους
473 3035 590 3116 πάντας
621 3037 913 3123 νευροκοπησυντες,
951 3043 1003 3106 ἵνα
1034 3041 1077 3125 μή
1109 3039 1235 3120 τούτους

129 3123 253 3209 λάβοιεν
287 3126 320 3190 oi
351 3126 505 3208 πολέμιοι,
540 3132 604 3201 τοῖς
634 3133 690 3192 rosi
722 3127 827 3192 στόλου
860 3122 1008 3208 σκάφεσιν
1037 3124 1235 3211 ἐμβεβηκότες

130 3213 310 3294 ἐπανῆλθον
341 3214 385 3288 εἰς
415 3210 449 3277 cd
483 3208 651 3288 Βυζάντιον
680 3210 738 3278 oric
771 3210 902 3299 αἰσχύνη
933 3218 1042 3300 πολλῇ.
1082 3213 1167 3274 idem
1192 3215 1235 3276 ad

130 3299 263 3359 eundem
282 3299 409 3358 modum
428 3299 520 3359 refert
539 3297 702 3361 Cedrenur.
744 3298 913 3360 notandum
931 3321 1003 3361 vero
1020 3299 1102 3380 apud
1115 3312 1235 3362 utrum-

131 3404 191 3491 que
219 3404 323 3445 eorum
349 3391 545 3469 υενροκοπεῖν
571 3383 656 3444 idem
681 3386 850 3466 significare
871 3396 961 3467 atque
983 3384 1064 3465 apud
1083 3386 1236 3447 Codinum

130 3473 335 3546 αντζοκυπεῖν.
376 3491 448 3530 nam
469 3467 559 3546 ἅντζν
579 3473 630 3531 rel
650 3466 726 3548 ἅνζοι
745 3474 796 3532 vel
816 3467 892 3536 ivea
908 3474 1121 3534 recentioribus
1139 3475 1235 3534 Grae-

131 3559 174 3616 cis
195 3555 304 3615 dicitru
323 3575 393 3635 pars
415 3559 547 3616 exterior
568 3559 661 3618 cruris
682 3557 800 3618 tumida
818 3560 870 3618 rel
888 3577 1031 3634 nervosa,
1054 3569 1089 3620 ut
1109 3568 1236 3620 testetur

130 3640 307 3702 Eustathius
329 3640 368 3699 ad
388 3641 475 3708 Iliad.
496 3666 520 3705 π
539 3664 569 3723 p·
590 3643 691 3706 1061:
724 3641 803 3707 ἔνθα
831 3637 905 3725 ὅροι,
933 3644 1049 3725 inquit,
1076 3639 1122 3708 ‘dre
1147 3640 1235 3725 ccclv

130 3725 153 3808 'l
177 3727 402 3808 μοστμοκνημλν
429 3727 525 3804 ἐστίν,
553 3723 595 3809 ἣν
619 3726 644 3810 ἡ
669 3732 731 3792 τοῖν
750 3733 871 3792 πολλῶν
892 3733 1011 3812 γλῶσσα
1032 3722 1127 3806 datico
1147 3730 1233 3810 φησί,

130 3812 308 3894 συγκειμένη
343 3812 377 3878 ἐκ
411 3810 531 3896 νεύρων
565 3816 686 3878 πολλῶν
716 3813 770 3878 κοιλ
800 3813 1066 3897 συνεστραμμένον
1098 3817 1230 3896 racadu.

130 3895 278 3959 videndus
299 3897 384 3960 idem
404 3898 443 3960 ad
461 3897 593 3977 Iliadrlt
615 3920 646 3980 p.
664 3901 759 3964 1326.
801 3901 904 3961 niun.

215 4003 246 4063 p·
267 3985 311 4049 37
331 4005 361 4046 v·
380 3987 411 4050 6.
454 3978 590 4067 cili-cyrio
621 3991 762 4067 χερσαῖον
796 3988 874 4046 verti
906 3989 1100 4046 mutationem
1130 4005 1235 4044 cursus

126 4067 250 4149 publici
268 4079 440 4130 terrestrem.
484 4069 534 4132 his
554 4079 657 4130 autem
677 4065 786 4131 eodini
805 4073 904 4133 verbis
924 4073 1130 4150 confirmatur,
1152 4067 1234 4153 quod

129 4152 250 4237 pridem
272 4153 311 4211 ed
330 4157 389 4216 ista
408 4153 526 4217 Sidonii
545 4157 651 4234 verba,
678 4157 776 4218 [steini
791 4160 956 4219 cursorr'om
971 4156 1107 4227 accendi,
1128 4157 1233 4218 obser-

129 4242 213 4303 verit
242 4239 368 4300 lacobus
394 4242 586 4318 sumendus,
618 4263 738 4306 cursum
764 4245 921 4326 publicum
945 4262 1007 4304 non
1034 4251 1153 4302 tantum
1180 4264 1234 4324 per
