2802 4636
172 271 223 344 54
507 261 725 331 GEORGIUS
752 259 940 327 couneus

172 463 271 525 λοῦσα
296 455 352 538 τὴν
376 453 512 541 ίστορίαν
534 458 596 518 τῶν
622 448 768 536 δευτέρων
792 446 887 512 altori
909 441 1064 533 πράξειεν·
1090 439 1164 526 ἡδὲ
1181 439 1281 529 ἓτίρα,

173 565 206 629 ἓν
228 552 249 648 ᾖ
272 561 322 624 καλ
345 563 450 622 πλοῖον
473 553 618 642 ίιπάρχει,
645 553 673 618 οἳ
690 553 746 636 μίν
762 551 899 636 λέγουσιν
917 549 965 614 ότι
981 545 1002 632 ἡ
1020 544 1145 612 Σκόλλα
1162 543 1282 630 ίστλνῆ
1381 599 1382 602 ,

175 668 208 732 la
225 669 279 746 τῆς
294 658 488 748 Χαρόβδεως
503 661 653 726 ἐσθίουσα
668 657 741 733 τοὺς
757 652 942 742 ἀνθρώπους
945 699 956 734 ,
981 654 1031 718 καὶ
1045 651 1124 716 ἔστιν
1138 647 1283 715 ὃὈδυσ-

176 769 247 844 σεός
271 763 305 830 όν
329 766 445 849 κατίχει
464 767 497 830 ἐν
512 770 551 850 τῇ
565 764 644 850 χειρὶ
661 761 694 825 ἔκ
709 765 765 843 τῆς
781 763 929 846 κορυφῆς.
981 757 1076 842 λ’τεροι
1093 755 1127 819 dd
1144 752 1284 838 λέγουσιν
1381 799 1382 888 ρ

177 871 224 938 ότι
247 866 267 953 ἡ
291 873 331 954 γῆ
353 871 405 934 καὶ
427 865 447 952 ἢ
473 866 621 934 θάλασσα
644 867 695 930 καὶ
717 863 747 930 οἳ
771 861 847 928 ἑπτά
865 859 971 938 αἰῶνός
989 863 1062 924 εἰσιν
1080 858 1109 922 οἱ
1126 859 1307 934 ἕοθίοντεςό

177 976 229 1041 καὶ
253 968 446 1056 ἐσθιόμενοι,
483 971 512 1038 οἱ
539 971 573 1036 δὲ
598 963 831 1050 κατακλυσμόν,
865 962 882 1032 ὁ
908 963 1021 1052 περιολν
1047 962 1081 1028 δὲ
1107 958 1124 1026 ὅ
1151 961 1286 1044 ἕβδομος

178 1070 267 1155 οὗτος
293 1073 379 1142 alala.

278 1175 327 1244 Ἦ
347 1180 381 1244 δὲ
404 1175 592 1259 καθεζομένη
615 1177 658 1252 είς
673 1173 708 1238 τό
726 1173 861 1250 σελλίον,
887 1171 916 1235 ολ
932 1169 987 1253 μὲν
1004 1172 1141 1255 Βηρίνον
1157 1165 1213 1250 τὴν
1232 1190 1287 1250 γυ-

180 1294 271 1352 ναῖκα
286 1287 342 1349 τοῦ
357 1277 491 1368 μεγάλου
507 1280 647 1356 Λέοντος
664 1273 740 1342 εἷναί
754 1301 866 1365 φασιν,
892 1273 921 1340 οἳ
934 1274 968 1338 δὲ
981 1273 1117 1356 Ἀθηνᾶν
1129 1272 1162 1348 ἐξ
1174 1267 1287 1334 Ἑλλά-

183 1391 237 1465 δος
261 1388 425 1453 ίλθοῦσαν.
1293 1386 1324 1440 1⁰

94 1502 169 1560 1²³0
282 1486 330 1554 ‘H
350 1490 384 1554 δὲ
406 1486 499 1554 ιλαινα
523 1484 584 1551 άπὸ
607 1492 663 1569 τῆς
684 1479 818 1568 μεγάλης
843 1478 1038 1561 Ἀντιοχείας
1052 1475 1138 1562 ἤχθη
1154 1472 1217 1542 ὕπὸ
1233 1481 1289 1542 τοῦ

183 1590 318 1681 μεγάλου
350 1591 591 1659 Κωνσταντίνου.
640 1587 681 1653 τά
714 1587 748 1652 δὲ
778 1583 871 1651 λοιπά
899 1580 1061 1668 ἀγάλματα
1085 1586 1140 1647 τοῦ
1166 1579 1290 1644 ἳππικοῦ

185 1697 281 1765 τότε
307 1695 420 1784 άρρενα
445 1697 495 1760 καὶ
519 1693 557 1758 τά
582 1688 700 1776 θήλεα,
726 1692 776 1755 καί
800 1688 830 1753 οἳ
854 1684 999 1774 διάφοροι
1021 1688 1126 1764 λ’πποι,
1153 1686 1205 1748 καὶ
1228 1688 1290 1748 τῶν

187 1797 373 1887 καμπτήρων
397 1799 426 1864 οἳ
451 1798 564 1864 λίθινοι
586 1797 695 1873 κίονες,
721 1795 773 1858 καὶ
792 1791 821 1856 ολ
834 1796 950 1876 χαλκοῖ
963 1789 1115 1872 ὀβελίσκοι
1131 1793 1193 1852 τῶν
1210 1813 1290 1869 καμ-

191 1902 332 1991 πτήραιν,
363 1903 415 1967 καλ
443 1901 475 1966 αλ
502 1900 631 1988 ἱστορίαι
654 1901 711 1963 τοῦ
736 1897 923 1981 μονολίθου,
954 1895 1006 1960 καὶ
1032 1893 1065 1958 αἱ
1089 1889 1289 1976 ἧνιοχευτικαλ
1297 1901 1329 1960 15

189 2013 299 2090 στῆλαι
322 2005 379 2073 σόν
401 2014 469 2083 ταῖς
490 2001 616 2087 βάσεσιν
639 2002 740 2069 οὔτῶν
762 2009 830 2078 ταῖς
852 1995 1034 2084 ίνιστόροις,
1058 1998 1111 2061 καὶ
1128 2000 1189 2060 τῶν
1206 2020 1292 2077 περι·

189 2108 294 2176 πάτεον
318 2109 347 2175 οἱ
370 2110 465 2186 κίονες
486 2108 564 2192 μετὰ
588 2113 650 2174 τῶν
672 2110 814 2194 κεφαλῶν
837 2105 890 2168 καλ
912 2103 1066 2166 ποδίσκων
1091 2099 1207 2178 αὐτῶν,
1241 2099 1293 2162 καλ
1382 2125 1383 2144 ι

189 2219 251 2278 τῶν
275 2214 306 2275 ἔν
329 2208 507 2297 σφενδόναις
532 2210 672 2291 στηθίοιν
696 2211 748 2272 καὶ
770 2203 1009 2293 συστρεμμάτιυν
1026 2205 1077 2270 καὶ
1094 2203 1225 2269 σκαλίιον
1243 2204 1294 2266 καὶ

192 2317 323 2391 σολεῶν,
348 2308 463 2376 ὁπόθεν
484 2313 577 2376 ἐκεῖσε
583 2358 594 2390 ,
621 2308 788 2396 είιρίσκεται
812 2307 928 2396 γραφή.
978 2307 1049 2374 κατ’
1075 2308 1224 2392 ἐξαίρετον
1249 2309 1295 2382 εἰς

191 2417 249 2495 τάς
267 2420 387 2499 χαλκᾶς
409 2411 508 2492 πάλας
528 2419 590 2480 τῶν
613 2410 747 2496 ἐσχάτων
763 2409 884 2498 ἡμερῶν
901 2415 951 2477 καὶ
968 2419 1029 2478 τῶν
1045 2407 1214 2494 μελλόντων
1236 2411 1333 2476 aloldo

153 2526 290 2588 Βποῖσοι
314 2518 346 2584 αί
370 2517 500 2606 ἱστορίαι
506 2566 517 2599 ,
542 2517 580 2595 dg
604 2513 795 2600 ίστηλῶσατο
819 2513 1032 2592 Ἀπολλώνιος
1055 2513 1072 2580 ὅ
1091 2513 1229 2590 Τυανεὺς
1253 2516 1295 2590 είς

262 2706 330 2769 Ην
346 2711 382 2783 τῇ
397 2707 467 2782 χειρὶ
483 2729 525 2766 σοι
543 2714 576 2768 c.
698 2707 765 2770 dol
779 2706 812 2766 ol
829 2741 864 2752 -
881 2708 953 2765 αίοίν
969 2729 1009 2766 orn
1028 2713 1060 2766 c.
1180 2710 1198 2764 8
1210 2726 1243 2798 p.
1260 2710 1296 2765 42

262 2784 349 2837 Band.
486 2781 722 2854 lupianum.
860 2781 895 2838 14
919 2779 950 2836 ol
970 2781 1061 2844 κίονες
1085 2778 1119 2834 οἵ
1136 2797 1166 2832 τε
1188 2781 1297 2833 λιθινοι

263 2850 312 2906 καλ
338 2846 369 2904 οἱ
391 2854 507 2920 χαλκοῖ,
530 2849 579 2904 καλ
605 2847 635 2904 ol
656 2847 793 2924 ὀβελίσκοι
816 2853 871 2905 τῶν
894 2847 1063 2919 καμπτὴριον
1088 2844 1119 2902 σί
1137 2851 1241 2918 χαλκοῖ
1262 2848 1296 2902 C.

265 2920 299 2976 1⁷
325 2916 376 2975 σὺν
395 2925 457 2982 ταῖς
473 2923 609 2990 κεφαλαῖς
623 2920 673 2976 καλ
688 2921 832 2982 ποδίσκοις
849 2917 940 2974 αὐτῶν
956 2919 1083 2980 καὶτοῖς
1100 2911 1131 2971 ἒν
1148 2918 1297 2985 τοῖΣφεν-
1383 2939 1384 2956 ι

264 2987 345 3112 εξάνγθ
353 2987 487 3111 nezem}
509 2987 626 3059 στήθεσι
649 2987 698 3044 καὶ
721 2991 908 3060 συστεματίοις
928 2985 978 3044 καὶ
1001 2991 1108 3050 colrois
1131 2967 1180 3042 καλ
1204 2981 1299 3048 dalaia

265 3077 320 3114 οπο
345 3075 376 3113 εν
416 3097 425 3114 .

198 3231 239 3284 rio
276 3230 355 3298 assit,
373 3229 459 3282 altera
475 3243 555 3294 vero,
589 3243 640 3280 nae
656 3227 745 3282 navim
763 3229 911 3300 appositam
927 3228 1020 3294 habet,
1037 3229 1179 3282 secundum
1196 3229 1300 3298 aliquos

200 3247 292 3367 Scyfia
315 3305 370 3366 est,
397 3294 513 3350 homines
536 3313 553 3350 a
601 3297 718 3365 harybde
739 3300 878 3369 absorptos
893 3298 1038 3361 devorana3
1065 3306 1144 3367 atque
1161 3299 1205 3351 ille
1222 3317 1301 3368 quern

201 3369 289 3438 capito
303 3368 458 3438 prehensum
474 3370 562 3434 tenet,
586 3366 710 3434 Ulyssem
725 3369 816 3422 refert.
851 3369 897 3420 alii
913 3373 999 3421 autern
1016 3369 1067 3421 iarn
1084 3369 1226 3421 devoratos
1243 3375 1301 3420 ter-

201 3455 257 3490 ram
280 3442 309 3491 et
330 3455 401 3491 unare
425 3440 576 3506 septemque
591 3437 713 3504 saecula,
737 3439 781 3492 vel
797 3443 828 3491 ut
845 3437 891 3490 alii
906 3437 1010 3503 volunt,
1037 3437 1165 3490 diluvium
1181 3439 1301 3505 innuere,

201 3507 273 3560 illum
289 3506 336 3577 qni
355 3506 424 3560 solus
441 3521 472 3558 su
491 3512 577 3574 erest,
598 3507 735 3575 septimum
752 3510 803 3560 hoe
819 3508 950 3560 saeculum
967 3507 1117 3574 significare
1135 3507 1219 3559 aiunt.

306 3577 428 3630 Statuam
443 3525 523 3628 sellae
539 3574 692 3630 insidentem
710 3576 754 3630 alii
771 3577 894 3630 Verinam
912 3592 1018 3630 uxorem
1031 3575 1128 3630 Leonis
1140 3575 1227 3646 magni
1241 3593 1303 3630 esse

202 3643 307 3714 dicunt,
326 3645 373 3698 alii
388 3645 534 3698 Minervam
550 3661 584 3698 ex
601 3645 715 3698 Graecia
731 3647 876 3700 deductam.

306 3714 401 3768 Statua
422 3714 543 3783 hyaenae
564 3731 599 3768 ex
621 3733 714 3784 magna
735 3715 878 3769 Antiochia
900 3733 917 3768 a
940 3715 1114 3768 Constantino
1134 3729 1229 3784 niagno
1256 3713 1303 3766 ad-

202 3787 282 3837 vecta
307 3789 358 3838 est.
393 3800 461 3853 quae
482 3788 622 3868 praeterea
644 3785 673 3836 in
696 3785 876 3856 Hippodromo
896 3791 1050 3855 spectantur
1070 3786 1146 3853 signa
1168 3784 1257 3837 virilia
1274 3789 1304 3836 et

203 3851 355 3923 muliebria,
383 3859 411 3906 et
432 3869 524 3906 vanae
545 3870 671 3924 equorum
695 3861 814 3920 statuae,
842 3861 871 3908 et
887 3855 1009 3925 lapideae
1028 3855 1161 3908 columnae
1178 3861 1304 3906 rnetnrunr

204 3939 343 4045 ffinrqpp
361 3919 574 4060 llffllgssssrfi’
591 3925 769 4046 ettmonrolllhi
785 3925 949 4045 sculpturae,
968 3929 997 3976 et
1011 3929 1114 4008 statuae
1127 3925 1306 4045 Plssrmesffiwllss

268 4009 293 4045 nr
334 4009 373 4044 εει
516 4009 622 4059 ειε,ε
656 4010 690 4062 po
726 4009 1270 4061 cnumcoumnaecnmsurssrreaprn

207 4069 237 4116 et
253 4061 348 4145 spiris,
364 4061 427 4114 itorn
442 4066 552 4129 pectora
568 4067 713 4116 statuarum
729 4063 755 4114 in
772 4062 922 4133 sphendcne
939 4066 968 4114 et
980 4064 1080 4182 predas
1098 4071 1126 4116 et
1141 4062 1221 4127 solia,
1239 4062 1307 4114 haec

210 4145 297 4183 ornnra
318 4130 388 4184 unde
405 4146 437 4181 εο
454 4131 556 4198 perlata
573 4130 672 4183 suerint
688 4133 846 4203 adscriptum
863 4137 914 4184 est.
950 4147 979 4183 sa
1022 4131 1162 4201 praecipue
1179 4133 1207 4184 in
1223 4131 1308 4201 portis

210 4201 297 4252 aereis
331 4214 419 4253 ornnes
448 4198 572 4251 visuntur
593 4199 720 4254 historiae
745 4201 891 4254 ultimorum
914 4200 1028 4266 dierum,
1060 4201 1190 4269 quesibi
1214 4201 1311 4254 statuit

210 4264 364 4334 Apollonius
388 4270 516 4338 Tyaneus
538 4267 567 4323 in
589 4270 773 4340 sempiternam
789 4275 818 4324 et
833 4269 996 4325 indelebilem
1014 4286 1101 4323 rerum
1117 4287 1188 4338 quae
1204 4272 1312 4324 futurae
