2814 4608
161 263 238 339 268
470 259 649 329 lllEURSlI
672 261 731 328 ET
756 255 961 328 LAMBEGII

159 449 275 530 inquit,
298 439 366 508 κατ’
387 437 460 506 oded
482 439 611 524 μα’λιοια
631 447 690 506 τοῦ
709 437 826 506 κόλπον
846 439 881 506 ‘cd
899 439 1010 525 στόμα,
1036 441 1238 527 Είρήνης’
1195 471 1277 531 μορ-

160 557 252 615 ταρος
281 528 358 606 venir
386 531 515 608 ἵδρυται.
559 527 598 587 ad
627 529 829 588 differentiam
857 529 948 590 huius
977 533 1086 609 templi
1114 534 1145 591 S.
1166 538 1276 593 Irenae

159 620 317 699 martyris,
340 617 542 694 cognominati
563 611 638 694 ruptio
659 638 693 678 το
686 611 835 696 πίραμα
856 618 919 674 sive
938 612 1015 696 πρδς
1029 614 1088 694 τὴν
1103 615 1274 696 θάλασσαν,

160 707 290 766 alterum
310 704 458 782 templum
478 721 496 758 a
516 701 713 760 constantino
733 721 845 780 magno
867 721 961 781 prope
981 704 1140 762 ecclesiam
1160 706 1193 764 S.
1213 707 1275 766 So-

160 791 250 872 pbioe
281 788 435 848 conditum
463 797 494 846 ct
521 789 594 844 Paci
621 797 760 846 aeternae
782 808 837 846 seu
859 787 977 847 Christo
1000 787 1180 846 dicatum‘
1158 816 1178 869 η
1201 789 1274 872 ἁγία

159 873 280 956 Εἰρήνη
307 874 330 952 ιλ
358 867 487 948 παλαια,
516 871 548 931 id
575 882 620 932 est
648 874 772 932 ecclesia
792 884 876 934 vetros
901 875 933 935 S.
954 876 1062 945 Pario,
1085 878 1274 956 appellatum

158 964 225 1022 fuit.
268 963 365 1020 Laus.

243 1067 274 1126 Ρ.
297 1049 338 1109 90
358 1065 387 1103 ι.
412 1047 442 1107 1.
484 1044 578 1124 λοβοί
612 1046 675 1102 sive
710 1040 864 1122 λελωβημί
865 1065 914 1106 vos
950 1040 1091 1102 dicuntur
1126 1045 1272 1106 mutilati.

157 1133 228 1192 ltali
254 1141 363 1190 vocant
391 1131 416 1188 li
441 1131 609 1207 stroppc'utc‘.
655 1130 698 1187 sic
726 1131 890 1208 Procopius
918 1129 999 1187 Pers.
1027 1131 1044 1190 1
1068 1132 1272 1206 privationem

158 1217 240 1278 oculi
260 1225 346 1276 vocat
367 1210 471 1296 λοίβην
492 1220 549 1277 τοῦ
569 1209 746 1294 ὀφθαλμοῦ.
791 1225 891 1273 errant
908 1217 989 1272 enim
1008 1215 1061 1294 qui
1077 1209 1184 1295 λοίβην
1200 1227 1271 1274 tan-

157 1317 225 1362 tum
244 1303 384 1362 morbum
405 1303 524 1358 aurium
543 1302 794 1380 interpretantur,
826 1311 856 1358 et
876 1296 995 1380 leodosio
1016 1303 1165 1380 appellari
1186 1305 1271 1362 aiunt

158 1391 213 1470 qui
235 1409 269 1447 eo
290 1389 395 1447 morbo
417 1388 563 1446 laborant.
605 1405 668 1446 non
688 1387 801 1443 mirum
820 1406 890 1445 vero
909 1397 954 1444 est
971 1385 1052 1466 quod
1070 1386 1202 1446 (lodinus
1218 1391 1268 1464 ait,

158 1473 306 1555 Sopbiam
334 1475 443 1533 lustini
471 1491 600 1532 uxorem
627 1471 752 1530 domum
774 1474 960 1531 exstruxisse
982 1473 1130 1531 mutilatis
1153 1474 1268 1534 alendis

159 1560 355 1634 destinatam,
385 1561 455 1639 quia
482 1561 547 1638 ipsa
576 1577 636 1640 qua
664 1559 765 1615 nescio
794 1560 926 1637 corporis
954 1569 1039 1638 parte
1066 1559 1125 1616 fuit
1151 1563 1269 1636 mutila,

157 1658 192 1706 ut
211 1645 325 1704 indicat
346 1654 580 1722 cognomentum
600 1642 623 1724 ἦ
642 1645 704 1723 λοιβ
685 1637 726 1723 βή
749 1663 803 1702 seu
823 1667 844 1724 η
836 1642 1079 1726 λελωβημένῃ,
1102 1645 1184 1726 quod
1197 1667 1269 1726 pas-

157 1735 217 1794 sim
239 1734 267 1790 ei
288 1751 305 1790 a
327 1731 442 1790 CodIno
464 1731 614 1789 tribuitur.
657 1731 754 1787 usne.

240 1839 272 1897 p.
293 1819 336 1880 90
358 1837 387 1875 v.
409 1819 440 1880 7.
481 1811 682 1896 πληττόμενος
701 1813 753 1876 καλ
774 1807 971 1894 βιαζόμενος]
1002 1814 1108 1871 licet
1099 1833 1129 1870 m
1152 1813 1266 1872 codici-

155 1903 213 1962 bus
235 1905 353 1981 scriptis
373 1905 416 1960 ita
436 1903 568 1982 legatur,
590 1921 653 1960 nou
673 1911 777 1959 tamen
797 1898 900 1957 dubito
922 1903 997 1979 quin
1016 1897 1202 1958 scribendum
1222 1903 1264 1960 sit

155 1988 372 2068 πληιιομίναις
406 1987 458 2049 scol
493 1990 544 2069 βια
546 1985 697 2066 ζομίναις,
734 2005 845 2064 nempe
874 1995 909 2042 ut
938 1985 1086 2044 referatur
1112 1984 1149 2043 ad
1174 1987 1266 2044 verba

155 2071 409 2154 praecedentia‘
386 2068 530 2154 ημιόνοις
550 2067 676 2153 οίγρίοις.
718 2083 870 2130 caeterum
891 2069 929 2128 de
950 2073 1096 2151 Martyrio
1119 2073 1152 2130 S.
1172 2074 1268 2130 Zotioi

155 2158 226 2220 ride
248 2163 431 2220 Graecorum
452 2161 661 2237 Menologium
683 2154 731 2216 die
752 2158 793 2220 31
816 2157 999 2215 Decembris.
1042 2159 1140 2216 Issus

240 2265 270 2324 Ρ.
289 2247 332 2308 90
350 2265 379 2303 ι.
397 2250 478 2324 9sq.
524 2239 703 2346 Καριαανος
716 2243 879 2350 πατρίκιος
901 2241 934 2304 ἐν
954 2248 1017 2316 τοῖς
1028 2237 1158 2345 χρόνοις
1176 2247 1268 2304 Κων-

156 2331 315 2391 στανιίνοο
347 2334 405 2390 τοῦ
435 2324 632 2409 πωγωνιίτον.
687 2323 724 2387 τοί
757 2327 789 2389 δὲ
820 2321 943 2389 Βάσσον
975 2322 1115 2408 οίνήγειρε
1145 2325 1268 2401 Βάσσος

154 2414 311 2495 πατρίκιος
337 2412 388 2476 ίιιλ
414 2417 469 2493 τῆς
496 2413 649 2492 βασιλείας
674 2405 951 2494 'Ioconorovcsi]
942 2433 974 2471 ιιι
995 2412 1094 2472 codice
1115 2416 1212 2490 Regio
1236 2424 1268 2472 et

155 2501 271 2580 aliquot
292 2499 443 2560 Vaticanis
464 2495 514 2555 hic
534 2499 618 2556 locus
639 2497 682 2554 ita
701 2499 858 2557 mutilatus
880 2508 941 2574 est,
963 2491 1137 2576 Καριαανος
1152 2499 1267 2578 πατρί-

153 2607 220 2657 κιος
242 2584 292 2648 tet
312 2589 367 2663 τῆς
388 2585 540 2665 βασιλείας
559 2577 778 2645 Ἰονσιινιανοῦ
798 2593 855 2642 etc.
900 2594 995 2642 errant
1013 2585 1103 2660 igitur
1121 2584 1175 2662 qui
1193 2585 1264 2640 sola

152 2671 241 2729 istius
270 2672 409 2730 lectionis
439 2670 613 2728 auctoritate
640 2669 746 2728 confisi
775 2669 958 2749 carpianum
985 2671 1142 2750 patricium
1167 2671 1267 2726 lusti-

154 2757 240 2815 niani
267 2757 452 2836 temporibus
479 2757 594 2814 vixisse
622 2765 652 2813 et
680 2775 699 2812 a
725 2753 887 2814 Theodora
910 2757 1044 2814 occisum
1062 2755 1158 2814 fuisse
1180 2755 1268 2813 affir-

152 2854 249 2902 mant.
294 2863 382 2924 porro
411 2845 540 2901 bassum
568 2842 745 2921 patricium,
776 2843 860 2900 cuius
887 2837 938 2898 hic
961 2841 1093 2900 Codinus
1113 2843 1265 2916 meminit,

154 2949 226 2988 eum
247 2949 312 2989 esse
333 2939 407 3008 puto
428 2931 481 3009 qui
501 2929 670 3007 praefectus
691 2929 844 3008 praetorio
860 2927 918 2986 luit
940 2929 1107 2987 Iustiniano
1126 2930 1264 3006 Augusto

153 3025 294 3096 quartum
314 3015 447 3074 consule.
489 3016 586 3073 Lsssn.

237 3120 268 3177 Ρ.
291 3101 381 3162 9οι.
404 3097 453 3162 14.
497 3091 748 3175 innotescendo]
775 3094 835 3157 boc
854 3116 926 3156 vero
948 3094 1136 3156 crudelitatis
1157 3116 1263 3175 genus,

154 3181 192 3240 de
222 3201 283 3263 quo
311 3185 344 3241 in
372 3187 542 3264 praesentia
564 3181 696 3242 Codinus
718 3184 798 3262 agit,
833 3185 925 3242 ctiam
946 3185 979 3240 iu
1000 3183 1095 3258 alios,
1128 3194 1263 3262 practer-

152 3287 245 3348 quam
271 3271 304 3326 in
331 3271 475 3346 Bassum,
504 3267 668 3330 Theodora
695 3270 839 3330 exercuit.
882 3267 1024 3329 describit
1044 3270 1262 3348 Procopiusin

150 3349 321 3427 ολνεκὸόιοις
341 3377 371 3435 Ρ.
396 3357 457 3420 100
492 3353 513 3418 4
549 3359 647 3416 Βοιιιι.
689 3358 787 3414 Lssm.

235 3459 265 3518 Ρ.
287 3441 328 3501 91
351 3461 381 3500 ι.
401 3447 432 3505 6.
474 3439 623 3521 savoque
650 3443 714 3501 sire
740 3441 903 3504 οκονθίλια
924 3438 1059 3500 Oodinus
1080 3440 1263 3520 paulopost

150 3526 362 3604 interpretatur
382 3523 418 3588 τοί
439 3525 532 3606 μικροί
552 3524 672 3608 κάρφια
693 3524 731 3590 τοί
751 3521 945 3608 βαιαλαριιιοί.
988 3522 1112 3608 ιιοίρφας
1134 3535 1163 3584 et
1185 3521 1264 3602 κοίρ-

150 3634 207 3690 φια
243 3612 380 3671 Greeoo-
385 3613 502 3671 borbari
536 3623 646 3672 vocant
681 3613 791 3676 οίανοι.
836 3615 880 3672 sio
914 3615 947 3670 in
984 3610 1116 3694 quadam
1149 3611 1262 3668 Leonis

148 3699 337 3776 imperatoris
369 3700 580 3758 constitutione
611 3701 726 3806 equites
758 3719 862 3758 secum
894 3699 1086 3756 circumferre
1118 3697 1262 3755 iubentur

148 3781 277 3845 πόόικλα
305 3787 447 3862 σεληναῖα
474 3787 584 3867 σιδηρᾶ
611 3807 684 3866 μετα
711 3786 853 3868 καρφίων
880 3779 998 3862 αοτολν,
1028 3783 1061 3842 id
1090 3793 1136 3841 est
1162 3781 1262 3840 soleas

148 3869 272 3927 lunatas
294 3870 412 3948 ferreas
440 3891 509 3929 cum
537 3873 609 3928 suia.
626 3870 734 3943 clasis,
766 3873 880 3930 scilicet
900 3871 1009 3952 quibus
1032 3888 1179 3970 equorum
1199 3887 1261 3924 un-

147 3955 228 4029 gulis
250 3954 440 4032 suffigentur.
484 3975 523 4012 an
543 3957 621 4014 forte
643 3959 735 4015 etiam
753 3955 803 4014 bic
821 3975 876 4036 pro
894 3981 930 4018 τα
923 3949 1133 4036 βαταλαρικοί
1152 3956 1262 4032 legen-

149 4035 223 4096 dum
247 4051 292 4098 est
314 4034 542 4138 ναβαλλαρικαλ
585 4044 764 4120 interpretor
790 4052 891 4100 autem
913 4039 1031 4121 ιιοίρφια
1051 4033 1262 4121 καβαλλαριιιοί

149 4121 249 4180 clavos
272 4128 354 4203 equeb
375 4123 546 4230 oaloeapdc'c
566 4125 736 4187 destinatos.
781 4130 880 4190 Lens.

232 4227 263 4283 Ρ.
284 4212 324 4270 91
345 4229 375 4267 v.
396 4208 426 4270 9.
470 4231 486 4269 o
507 4201 716 4288 Ἀναστασιος]
744 4209 850 4270 haec
840 4233 874 4271 ιιι
897 4211 998 4272 codice
1020 4211 1164 4270 Vaticano
1186 4229 1262 4288 pro·

148 4284 243 4344 lixius
270 4305 428 4352 narrentur
455 4289 514 4352 hoc
540 4291 699 4353 modost*
684 4319 728 4360 οτι
754 4293 808 4361 ιὸν
829 4293 907 4362 vodo
926 4321 983 4362 ιον
1003 4319 1075 4362 οντα
1097 4295 1144 4369 είς
1165 4299 1263 4358 Κοιν-
