2814 4608
205 233 280 310 228
512 223 689 301 MEURSH
713 225 771 296 ut
796 225 999 300 mutuum

288 437 319 496 Ρ.
336 417 379 481 20
398 431 428 474 v·
448 415 477 478 1.
520 405 709 495 όρνιθείονς]
730 413 757 472 τί
775 430 847 472 τοτα
865 420 910 470 est
926 407 1003 470 heec
1016 407 1122 486 lectio,
1141 408 1309 470 verisimile
1401 401 1402 438 ί

205 512 251 562 eet
272 501 374 560 Persei
394 500 494 580 potius
511 516 604 578 quam
619 495 861 578 Bellerophontis
877 495 958 556 hanc
973 496 1067 556 fuisse
1083 505 1231 556 statuam:
1258 495 1309 556 hic

205 590 288 646 enim
310 605 388 667 equo
411 587 544 662 Pegaso,
568 583 623 642 ille
645 603 717 644 vero
733 585 870 664 ¹acceptis
892 601 910 640 a
930 583 1078 640 Mercurio
1094 582 1239 640 talaribus
1255 603 1309 662 per

99 677 105 688 '
205 680 275 734 c‘era
295 673 353 731 iter
368 671 473 730 secisse
489 666 672 748 perhibetur.
716 679 867 728 caeterum
882 669 915 725 in
931 668 991 727 elic
1008 664 1141 748 quodem
1157 665 1225 732 cod.
1241 671 1309 733 Vat.

205 758 255 817 hic
279 759 363 817 locus
388 758 432 814 ita
456 764 616 835 conceptus
641 765 702 814 est:
732 749 765 816 τό
792 753 826 817 δὲ
852 746 961 828 ζύδιον
981 747 1052 826 τούς
1074 749 1218 826 ἱππικούς
1240 752 1309 835 ἔχον

204 837 303 917 πόδας
329 839 461 926 ἤνεγκαν
488 833 550 902 ύπδ
576 843 641 918 τῆς.
686 837 806 899 videtur
832 857 903 916 ergo
929 835 980 896 hic
1007 836 1139 898 eodinus
1162 839 1249 919 loqui
1270 838 1308 898 de

205 938 304 990 statue
326 929 380 986 illa
404 927 536 1006 equestri
551 927 584 984 in
601 925 667 986 fcrc
683 934 855 1004 nuncupato
872 925 975 984 Teurc
992 925 1107 1002 posite,
1134 924 1220 984 cuius
1241 944 1308 984 me-

205 1015 340 1075 minitin
356 1013 434 1074 libro
451 1009 489 1070 de
505 1011 610 1070 statuis
626 1031 657 1090 Ρ.
674 1006 717 1073 42
732 1031 761 1072 v.
780 1011 819 1074 15
835 1027 903 1090 sqq.
945 1011 1048 1073 Lm.

288 1133 319 1193 p·
337 1115 380 1177 20
399 1133 429 1174 v.
446 1113 477 1176 ὃ.
519 1110 669 1198 ἔρούμεν]
691 1113 805 1172 scilicet
819 1111 853 1169 in
869 1113 1018 1192 excerptis
1036 1110 1106 1196 περί
1123 1115 1241 1192 στηλοῖν
1255 1113 1308 1177 καλ

204 1194 377 1280 θεαμάτων.
417 1201 519 1258 Ltus.

288 1322 319 1380 p·
336 1303 379 1364 20
394 1320 424 1360 v.
442 1300 473 1362 6.
516 1296 616 1362 θίλαν
636 1295 670 1362 δλ
691 1297 710 1362 c‘
729 1296 821 1380 μίγας
842 1301 1087 1379 Κανσταντΐνος]
1112 1297 1306 1362 haecomnia

205 1387 335 1446 breviter
351 1387 576 1448 Sozcmenusss
605 1385 642 1448 δε
672 1383 737 1448 inci
759 1383 790 1448 tii
810 1381 882 1459 τούς
902 1378 1093 1465 αὐτόχθονας
1110 1380 1166 1468 ούχ
1183 1383 1306 1461 ἱκανούς

205 1465 341 1552 ἐνόμιζεν
364 1467 442 1534 είναι
462 1472 584 1543 πολίτας
604 1473 647 1554 cpi
668 1467 789 1550 μεγέθει
809 1474 864 1548 τῆς
884 1465 1016 1545 πόλεως,
1047 1471 1187 1552 μεγίστας
1207 1473 1306 1547 οἰκίας

205 1549 267 1620 α’νοί
294 1553 347 1631 τοίς
374 1551 485 1638 α’γοροίς
514 1549 672 1636 σποράδην
699 1549 916 1635 οἰκοδομήσας,
949 1552 1063 1637 ἄνδρας
1090 1555 1124 1618 ἔν
1147 1554 1227 1664 λόχρι
1249 1554 1306 1621 σύν

205 1649 270 1718 τοῖς
297 1643 422 1716 οἰκείοις
449 1637 597 1714 δεσπότας
619 1633 751 1720 ποιήσας
769 1639 803 1702 ἐν
823 1635 947 1713 ταύταις
966 1637 1127 1727 κατῴκισε,
1157 1665 1231 1717 τους
1251 1640 1306 1724 μὲν

204 1726 240 1792 ἰκ
267 1731 322 1806 τῆς
350 1724 550 1810 πρεσβυτέρας
576 1719 688 1807 Ῥύμης
712 1719 785 1799 τούς
812 1721 846 1788 δδ
873 1724 905 1802 ἐξ
917 1725 1033 1810 Ιἕτίροον
1054 1725 1155 1792 ἔθνοῖν
1172 1750 1306 1810 μετακα-

186 1805 376 1893 λεσάμενος.
418 1813 540 1873 Mruus.
1401 1811 1402 1822 ¹

287 1933 320 1994 Ρ.
341 1915 384 1978 20
412 1933 442 1972 v.
461 1914 500 1976 12
518 1929 563 1992 sq.
605 1906 656 1973 τόν
684 1908 855 1986 Σαλιίοινα,
886 1905 941 1974 τόν
969 1909 1100 1998 ἔπαρχον
1127 1907 1306 1997 Μόδεστον]

205 2000 300 2058 scribe
329 1995 383 2063 τόν
404 1991 592 2062 Σαλούστιον
614 1994 757 2075 ἔπαρχον,
780 1991 834 2058 τόν
857 1991 1038 2062 Μύδεστον.
1081 1999 1229 2061 Salustius
1250 1999 1306 2060 hic

204 2085 262 2142 fuit
285 2087 454 2164 praefectus
478 2083 620 2164 praetorii
642 2083 807 2160 imperante
830 2083 964 2159 Iuliano,
993 2103 1072 2144 anno
1097 2083 1208 2146 christi
1230 2087 1305 2164 362,

204 2169 244 2226 cd
268 2189 359 2248 quem
382 2171 497 2250 aliquot
519 2173 639 2227 exstant
661 2169 744 2244 leges
762 2165 872 2226 codicis
892 2165 1112 2232 Theodosiani.
1153 2171 1238 2232 idem
1255 2193 1306 2232 se·

205 2255 309 2334 quenti
336 2273 415 2312 enno
438 2253 502 2316 363
528 2253 634 2310 consul
659 2251 825 2312 ordinarius
848 2253 907 2313 fuit
929 2274 1000 2314 cum
1023 2258 1151 2318 iuliano.
1192 2277 1305 2318 nomen

205 2340 269 2396 eius
300 2337 347 2396 bis
360 2382 363 2392 ,
378 2345 553 2416 corruptum
582 2335 693 2414 legitur
721 2335 803 2414 apud
825 2339 999 2422 Eunapium
1020 2342 1055 2400 in
1076 2345 1140 2404 vita
1160 2345 1306 2405 Maximi:

203 2423 302 2486 καίτοι
328 2445 362 2506 με
389 2414 432 2504 ἦν
460 2419 586 2502 ἔπαρχος
613 2413 793 2498 Σαλούτιος,
824 2417 903 2508 οἰνήρ
924 2424 976 2488 καί
996 2425 1044 2491 tet
1062 2431 1118 2508 τῆς
1137 2421 1308 2493 Ἰοαλιανού
1400 2489 1401 2514 ,

203 2509 357 2588 βασιλείας
370 2499 539 2586 κοσμήσας,
559 2513 589 2562 et
604 2505 695 2584 paulo
710 2515 795 2584 post:
813 2511 856 2588 τῷ
870 2513 948 2591 γοῦν
963 2513 1114 2596 Σαλοντίρο
1130 2509 1187 2592 τείν
1204 2507 1308 2596 ύρχην

202 2585 386 2672 παραλύσας.
427 2591 585 2672 utrobique
601 2589 793 2650 scribendum
809 2603 855 2652 est
870 2591 1053 2674 Σαλούστιος
1068 2607 1098 2658 et
1114 2601 1308 2687 Σαλουστίςο.
1400 2659 1401 2662 ,

202 2679 305 2737 Ltus.

287 2801 317 2860 Ρ.
334 2779 377 2842 20
392 2798 423 2838 v·
440 2777 491 2844 14.
533 2774 719 2862 nescirentur
739 2778 812 2846 δέκα
829 2782 864 2859 ἔξ
883 2781 1003 2865 μῆνας]
1023 2786 1115 2845 verbo
1139 2789 1240 2849 ποιεῖν
1262 2788 1306 2846 ite

202 2863 261 2926 hoc
278 2867 344 2924 loco
360 2885 433 2924 usus
449 2876 495 2925 est
511 2878 545 2926 ut
560 2869 661 2926 Latini
676 2869 767 2928 verbo
784 2889 873 2948 agere
888 2890 943 2949 pro
961 2891 1031 2930 ecce.
1074 2890 1135 2954 que
1150 2873 1305 2952 significe-

203 2955 285 3011 ticne
308 2949 380 3009 dicit
403 2953 545 3028 Virgilius
573 2951 708 3028 (Aen.5
738 2953 817 3035 51):
847 2953 931 3014 ίιατιο
951 2977 1005 3038 ego
1030 2957 1169 3018 Gaetulis
1186 2979 1305 3038 agerem

203 3040 231 3093 ei
254 3033 392 3112 Syrtibus
412 3037 506 3101 εαειιί.
549 3040 652 3104 istun.

287 3155 318 3214 p·
335 3136 377 3198 21
395 3157 424 3198 τ.
441 3138 473 3200 3.
516 3132 631 3218 πύκνα]
661 3133 778 3203 πύανον
803 3137 952 3203 hocloco
975 3143 1127 3222 significet
1149 3141 1304 3206 tributum.

202 3221 246 3278 sio
272 3215 372 3284 πύκνα
401 3217 519 3286 διδόναι
547 3225 867 3303 significat-tributum
889 3227 1030 3306 pendere.
1073 3231 1106 3288 in
1132 3231 1306 3308 Menologio

202 3305 385 3366 Graecorum
410 3306 459 3366 die
482 3309 523 3372 16
544 3312 688 3388 Augusti:
719 3311 771 3374 καί
798 3309 837 3394 δη
854 3306 921 3376 ’τοῦ
946 3312 1089 3394 βασιλέως
1111 3313 1307 3398 προδιμένον

202 3390 312 3454 δοῦναι
332 3385 436 3466 αύιοῖς
455 3389 564 3459 πύκνα.
606 3399 639 3454 iu
663 3397 769 3456 eadem
792 3399 1012 3477 significatione
1033 3403 1128 3460 utitur
1148 3398 1208 3460 hec
1230 3421 1307 3461 voce

203 3473 335 3534 (icdinns
351 3497 382 3555 Ρ.
400 3475 462 3542 142
478 3499 507 3538 τ.
523 3481 580 3543 21:
604 3481 648 3555 εἰς
666 3479 699 3545 δὲ
714 3479 767 3546 τόν
784 3479 912 3565 δι’μβοινα
926 3484 979 3548 καί
990 3480 1046 3550 τόν
1060 3483 1176 3549 σωλέαν
1189 3484 1308 3568 ἐγίνετο

202 3557 305 3635 ἔξοδος
325 3556 436 3641 χρόνον
455 3557 572 3627 πύκτου
594 3570 649 3645 τῆς
669 3563 827 3648 Αίχύπτον
848 3564 1030 3653 κεντηνύρια
1048 3567 1116 3646 τξύ.
1157 3574 1264 3632 LAMB-

285 3667 316 3724 Ρ.
333 3649 374 3710 21
392 3666 422 3704 v·
442 3651 492 3711 19.
534 3648 554 3712 δ
572 3647 710 3732 Πρόβος]
732 3655 872 3714 meminit
894 3654 986 3717 huius
1009 3658 1117 3736 templi
1133 3659 1229 3716 etism
1246 3659 1309 3716 Ce-

201 3726 321 3793 drenus.
368 3733 500 3792 substitit
523 3732 574 3794 hic
597 3737 771 3798 incendium
794 3739 873 3800 illud
897 3741 979 3824 quod
1001 3742 1110 3804 eccidit
1130 3743 1188 3804 sub
1211 3745 1308 3804 tusti-

199 3817 307 3890 nian0‚
335 3835 414 3874 anno
430 3819 550 3899 imperii
567 3823 631 3882 eius
648 3823 701 3887 34.
743 3827 867 3886 Munus.
1399 3867 1400 3882 ι

282 3923 314 3980 Ρ.
331 3903 372 3963 21
389 3919 417 3958 v·
435 3904 489 3965 21.
531 3903 727 3987 δΔομνίνος
746 3909 862 3976 ἔκτισιν
882 3905 984 3988 οίκον]
1008 3913 1099 3972 etiem
1121 3921 1219 3972 rostra
1238 3912 1308 3972 Dc·
1399 3929 1400 3942 ¹

199 3988 297 4044 mnini
319 3985 459 4059 invenio,
487 3997 518 4046 et
542 3995 644 4052 rettuli
667 4005 765 4055 antee.
809 4006 873 4057 erat
895 3997 940 4055 ibi
964 3996 1053 4056 aedes
1077 3999 1306 4058 resurrectionis

200 4067 312 4130 Christi
336 4078 367 4128 et
389 4070 565 4131 Anastasius
586 4081 741 4159 mcx-tyris,
767 4097 860 4160 qutun
881 4081 1025 4142 resectam
1044 4083 1167 4163 lapideo
1184 4086 1307 4143 ornavit
1399 4087 1400 4093 ’

200 4150 329 4214 Basilius
352 4155 488 4232 fastigio,
516 4175 586 4216 cum
609 4174 696 4224 antee
717 4167 853 4244 ligneum
874 4177 992 4230 tentum
1014 4179 1103 4230 esset.
1146 4167 1307 4231 Gedrenus

202 4248 374 4298 auctorest.
416 4241 537 4300 Munus.
