<?xml version="1.0" encoding="UTF-8"?>
<!DOCTYPE html PUBLIC "-//W3C//DTD XHTML 1.0 Transitional//EN"
    "http://www.w3.org/TR/xhtml1/DTD/xhtml1-transitional.dtd">
<html xmlns="http://www.w3.org/1999/xhtml" xml:lang="en" lang="en">
 <head>
  <title>
</title>
<meta http-equiv="Content-Type" content="text/html;charset=utf-8" />
  <meta name='ocr-system' content='tesseract 3.04.00' />
  <meta name='ocr-capabilities' content='ocr_page ocr_carea ocr_par ocr_line ocrx_word'/>
</head>
<body>
  <div class='ocr_page' id='page_1' title='image "./excerptadeantiq00codigoog_0047.png"; bbox 0 0 2802 4636; ppageno 0'>
   <div class='ocr_carea' id='block_1_1' title="bbox 173 215 946 288">
    <p class='ocr_par' dir='ltr' id='par_1_1' title="bbox 173 215 946 288">
     <span class='ocr_line' id='line_1_1' title="bbox 173 215 946 288; baseline -0.004 -1"><span class='ocrx_word' id='word_1_1' title='bbox 173 217 224 288; x_wconf 81' lang='lat'>30</span> <span class='ocrx_word' id='word_1_2' title='bbox 512 215 731 284; x_wconf 86' lang='lat' dir='ltr'>GEORGIUS</span> <span class='ocrx_word' id='word_1_3' title='bbox 758 216 946 284; x_wconf 76' lang='lat' dir='ltr'>somnus</span> 
     </span>
    </p>
   </div>
   <div class='ocr_carea' id='block_1_2' title="bbox 81 398 1326 2257">
    <p class='ocr_par' dir='ltr' id='par_1_2' title="bbox 127 398 1309 1320">
     <span class='ocr_line' id='line_1_2' title="bbox 267 398 1283 496; baseline 0.001 -25"><span class='ocrx_word' id='word_1_4' title='bbox 267 401 335 471; x_wconf 86' lang='grc' dir='ltr'><strong><em>Ὅτι</em></strong></span> <span class='ocrx_word' id='word_1_5' title='bbox 352 402 406 470; x_wconf 90' lang='grc' dir='ltr'>τδν</span> <span class='ocrx_word' id='word_1_6' title='bbox 422 398 611 492; x_wconf 79' lang='grc' dir='ltr'><strong><em>Ξηρόλοφον</em></strong></span> <span class='ocrx_word' id='word_1_7' title='bbox 627 401 733 492; x_wconf 75' lang='grc' dir='ltr'><strong><em>πρώην</em></strong></span> <span class='ocrx_word' id='word_1_8' title='bbox 748 404 827 483; x_wconf 81' lang='grc' dir='ltr'><strong><em>τινές</em></strong></span> <span class='ocrx_word' id='word_1_9' title='bbox 842 405 950 489; x_wconf 87' lang='grc' dir='ltr'><strong><em>θέαμα</em></strong></span> <span class='ocrx_word' id='word_1_10' title='bbox 967 403 1112 472; x_wconf 70' lang='grc' dir='ltr'><strong><em>ἐκάλουν·</em></strong></span> <span class='ocrx_word' id='word_1_11' title='bbox 1139 405 1171 472; x_wconf 79' lang='grc' dir='ltr'><strong><em>έν</em></strong></span> <span class='ocrx_word' id='word_1_12' title='bbox 1198 406 1283 496; x_wconf 78' lang='grc' dir='ltr'><strong><em>αδτῷ</em></strong></span> 
     </span>
     <span class='ocr_line' id='line_1_3' title="bbox 127 505 1284 600; baseline -0.002 -22"><span class='ocrx_word' id='word_1_13' title='bbox 127 513 228 600; x_wconf 82' lang='grc' dir='ltr'><strong><em>ογδρ</em></strong></span> <span class='ocrx_word' id='word_1_14' title='bbox 256 507 386 594; x_wconf 74' lang='grc' dir='ltr'><strong><em>έστησαν</em></strong></span> <span class='ocrx_word' id='word_1_15' title='bbox 410 511 529 592; x_wconf 81' lang='grc' dir='ltr'><strong><em>κοχλίαι</em></strong></span> <span class='ocrx_word' id='word_1_16' title='bbox 553 509 660 585; x_wconf 77' lang='grc' dir='ltr'><strong><em>δεκαέξ</em></strong></span> <span class='ocrx_word' id='word_1_17' title='bbox 682 510 733 574; x_wconf 77' lang='grc' dir='ltr'><strong><em>καὶ</em></strong></span> <span class='ocrx_word' id='word_1_18' title='bbox 747 507 923 596; x_wconf 79' lang='grc' dir='ltr'><strong><em>Ἀρτέμιδος</em></strong></span> <span class='ocrx_word' id='word_1_19' title='bbox 945 505 1040 595; x_wconf 82' lang='grc' dir='ltr'><em>στήλη</em></span> <span class='ocrx_word' id='word_1_20' title='bbox 1064 512 1115 574; x_wconf 78' lang='grc' dir='ltr'><strong><em>καὶ</em></strong></span> <span class='ocrx_word' id='word_1_21' title='bbox 1140 507 1284 597; x_wconf 76' lang='grc' dir='ltr'><strong><em>Σιβήρου</em></strong></span> 
     </span>
     <span class='ocr_line' id='line_1_4' title="bbox 167 608 1285 698; baseline -0.004 -15"><span class='ocrx_word' id='word_1_22' title='bbox 167 623 224 683; x_wconf 76' lang='grc' dir='ltr'><strong><em>τοῦ</em></strong></span> <span class='ocrx_word' id='word_1_23' title='bbox 241 615 415 692; x_wconf 73' lang='grc' dir='ltr'><strong><em>κτίσαντος,</em></strong></span> <span class='ocrx_word' id='word_1_24' title='bbox 443 614 494 678; x_wconf 79' lang='grc' dir='ltr'><strong><em>καὶ</em></strong></span> <span class='ocrx_word' id='word_1_25' title='bbox 518 608 690 695; x_wconf 92' lang='grc' dir='ltr'><strong><em>θεαμάτιον</em></strong></span> <span class='ocrx_word' id='word_1_26' title='bbox 713 614 850 698; x_wconf 93' lang='grc' dir='ltr'><strong><em>τρίπουν.</em></strong></span> <span class='ocrx_word' id='word_1_27' title='bbox 899 611 977 678; x_wconf 77' lang='grc' dir='ltr'><strong><em>ένθα</em></strong></span> <span class='ocrx_word' id='word_1_28' title='bbox 1000 613 1141 694; x_wconf 75' lang='grc' dir='ltr'><strong><em>ἓθυσιάζε</em></strong></span> <span class='ocrx_word' id='word_1_29' title='bbox 1166 615 1285 692; x_wconf 83' lang='grc' dir='ltr'><strong><em>πολλὰς</em></strong></span> 
     </span>
     <span class='ocr_line' id='line_1_5' title="bbox 167 713 1280 806; baseline -0.004 -20"><span class='ocrx_word' id='word_1_30' title='bbox 167 719 284 794; x_wconf 89' lang='grc' dir='ltr'><strong><em>θυσίας</em></strong></span> <span class='ocrx_word' id='word_1_31' title='bbox 301 720 455 803; x_wconf 82' lang='grc' dir='ltr'><strong><em>Σεβήρος,</em></strong></span> <span class='ocrx_word' id='word_1_32' title='bbox 474 717 524 782; x_wconf 79' lang='grc' dir='ltr'><strong><em>καί</em></strong></span> <span class='ocrx_word' id='word_1_33' title='bbox 538 718 675 803; x_wconf 82' lang='grc' dir='ltr'><strong><em>χρησμοί</em></strong></span> <span class='ocrx_word' id='word_1_34' title='bbox 691 718 799 780; x_wconf 79' lang='grc' dir='ltr'><strong><em>πολλοὶ</em></strong></span> <span class='ocrx_word' id='word_1_35' title='bbox 816 717 848 782; x_wconf 75' lang='grc' dir='ltr'><strong><em>ἐν</em></strong></span> <span class='ocrx_word' id='word_1_36' title='bbox 864 723 910 804; x_wconf 77' lang='grc' dir='ltr'><strong><em>τῷ</em></strong></span> <span class='ocrx_word' id='word_1_37' title='bbox 925 713 1010 806; x_wconf 82' lang='grc' dir='ltr'><strong><em>τόπῳ</em></strong></span> <span class='ocrx_word' id='word_1_38' title='bbox 1028 715 1178 802; x_wconf 88' lang='grc' dir='ltr'><strong><em>γεγόνασι.</em></strong></span> <span class='ocrx_word' id='word_1_39' title='bbox 1205 719 1280 783; x_wconf 77' lang='grc' dir='ltr'><strong><em>καθ’</em></strong></span> 
     </span>
     <span class='ocr_line' id='line_1_6' title="bbox 169 811 1309 909; baseline -0.002 -21"><span class='ocrx_word' id='word_1_40' title='bbox 169 823 206 890; x_wconf 79' lang='grc' dir='ltr'><strong><em>δν</em></strong></span> <span class='ocrx_word' id='word_1_41' title='bbox 222 819 329 909; x_wconf 84' lang='grc' dir='ltr'><strong><em>καιρόν</em></strong></span> <span class='ocrx_word' id='word_1_42' title='bbox 345 822 395 886; x_wconf 85' lang='grc' dir='ltr'><strong><em>καί</em></strong></span> <span class='ocrx_word' id='word_1_43' title='bbox 413 816 489 908; x_wconf 84' lang='grc' dir='ltr'><em>κόρη</em></span> <span class='ocrx_word' id='word_1_44' title='bbox 507 820 663 908; x_wconf 77' lang='grc' dir='ltr'><strong><em>παρθένος</em></strong></span> <span class='ocrx_word' id='word_1_45' title='bbox 679 817 787 905; x_wconf 83' lang='grc' dir='ltr'><strong><em>έτάθη.</em></strong></span> <span class='ocrx_word' id='word_1_46' title='bbox 834 822 885 886; x_wconf 79' lang='grc' dir='ltr'><strong><em>καί</em></strong></span> <span class='ocrx_word' id='word_1_47' title='bbox 902 820 991 898; x_wconf 80' lang='grc' dir='ltr'><strong><em>θέσις</em></strong></span> <span class='ocrx_word' id='word_1_48' title='bbox 1006 811 1045 903; x_wconf 85' lang='grc' dir='ltr'><strong><em>ήν</em></strong></span> <span class='ocrx_word' id='word_1_49' title='bbox 1062 817 1309 908; x_wconf 74' lang='grc' dir='ltr'><strong><em>άστρονομική,5</em></strong></span> 
     </span>
     <span class='ocr_line' id='line_1_7' title="bbox 167 920 1285 1016; baseline -0.004 -22"><span class='ocrx_word' id='word_1_50' title='bbox 167 924 332 1016; x_wconf 90' lang='grc' dir='ltr'><strong><em>τριάκοντα</em></strong></span> <span class='ocrx_word' id='word_1_51' title='bbox 363 920 398 1001; x_wconf 54' lang='grc' dir='ltr'>(ἐξ</span> <span class='ocrx_word' id='word_1_52' title='bbox 427 921 561 1012; x_wconf 89' lang='grc' dir='ltr'><strong><em>χρόνους</em></strong></span> <span class='ocrx_word' id='word_1_53' title='bbox 595 923 794 1010; x_wconf 90' lang='grc' dir='ltr'><strong><em>διαρκέσασα.</em></strong></span> <span class='ocrx_word' id='word_1_54' title='bbox 846 921 862 989; x_wconf 84' lang='grc' dir='ltr'><strong><em>δ</em></strong></span> <span class='ocrx_word' id='word_1_55' title='bbox 899 923 992 1002; x_wconf 81' lang='grc' dir='ltr'><strong><em>αῧτδς</em></strong></span> <span class='ocrx_word' id='word_1_56' title='bbox 1025 923 1059 988; x_wconf 77' lang='grc' dir='ltr'>δέ</span> <span class='ocrx_word' id='word_1_57' title='bbox 1085 920 1285 1013; x_wconf 80' lang='grc' dir='ltr'><strong><em>Ξηράλοφος,</em></strong></span> 
     </span>
     <span class='ocr_line' id='line_1_8' title="bbox 169 1023 1284 1115; baseline -0.003 -18"><span class='ocrx_word' id='word_1_58' title='bbox 169 1031 278 1107; x_wconf 79' lang='grc' dir='ltr'><strong><em>καθὼς</em></strong></span> <span class='ocrx_word' id='word_1_59' title='bbox 295 1025 311 1094; x_wconf 82' lang='grc' dir='ltr'><strong>ὃ</strong></span> <span class='ocrx_word' id='word_1_60' title='bbox 330 1024 559 1115; x_wconf 78' lang='grc' dir='ltr'><strong><em>διακρινόμενος</em></strong></span> <span class='ocrx_word' id='word_1_61' title='bbox 575 1023 665 1113; x_wconf 88' lang='grc' dir='ltr'><strong><em>λόγος</em></strong></span> <span class='ocrx_word' id='word_1_62' title='bbox 683 1029 794 1114; x_wconf 81' lang='grc' dir='ltr'><strong><em>φησίν,</em></strong></span> <span class='ocrx_word' id='word_1_63' title='bbox 819 1025 876 1110; x_wconf 87' lang='grc' dir='ltr'>τήν</span> <span class='ocrx_word' id='word_1_64' title='bbox 901 1024 1015 1112; x_wconf 81' lang='grc' dir='ltr'><strong><em>στήλην</em></strong></span> <span class='ocrx_word' id='word_1_65' title='bbox 1032 1023 1091 1110; x_wconf 83' lang='grc' dir='ltr'><strong><em>εἶχε</em></strong></span> <span class='ocrx_word' id='word_1_66' title='bbox 1107 1034 1163 1093; x_wconf 79' lang='grc' dir='ltr'><strong><em>τοῦ</em></strong></span> <span class='ocrx_word' id='word_1_67' title='bbox 1179 1055 1211 1094; x_wconf 83' lang='grc' dir='ltr'>τε</span> <span class='ocrx_word' id='word_1_68' title='bbox 1228 1057 1284 1112; x_wconf 89' lang='grc' dir='ltr'>μι-</span> 
     </span>
     <span class='ocr_line' id='line_1_9' title="bbox 169 1128 1285 1222; baseline -0.004 -22"><span class='ocrx_word' id='word_1_69' title='bbox 169 1141 245 1222; x_wconf 85' lang='grc' dir='ltr'><strong><em>κροῦ</em></strong></span> <span class='ocrx_word' id='word_1_70' title='bbox 273 1133 439 1198; x_wconf 80' lang='grc' dir='ltr'><strong><em>Θεοδοσίου</em></strong></span> <span class='ocrx_word' id='word_1_71' title='bbox 466 1133 516 1196; x_wconf 81' lang='grc' dir='ltr'><strong><em>καὶ</em></strong></span> <span class='ocrx_word' id='word_1_72' title='bbox 546 1130 819 1209; x_wconf 79' lang='grc' dir='ltr'><strong><em>Οὗαλεντινιανοῦ,</em></strong></span> <span class='ocrx_word' id='word_1_73' title='bbox 851 1133 903 1196; x_wconf 75' lang='grc' dir='ltr'><strong><em>καὶ</em></strong></span> <span class='ocrx_word' id='word_1_74' title='bbox 927 1135 1116 1218; x_wconf 85' lang='grc' dir='ltr'><strong><em>Μαρκιανοῦ</em></strong></span> <span class='ocrx_word' id='word_1_75' title='bbox 1141 1128 1285 1198; x_wconf 79' lang='grc' dir='ltr'><strong><em>κάτωθεν</em></strong></span> 
     </span>
     <span class='ocr_line' id='line_1_10' title="bbox 168 1233 1173 1320; baseline -0.004 -16"><span class='ocrx_word' id='word_1_76' title='bbox 168 1245 224 1305; x_wconf 80' lang='grc' dir='ltr'><strong><em>τοῦ</em></strong></span> <span class='ocrx_word' id='word_1_77' title='bbox 240 1239 348 1314; x_wconf 89' lang='grc' dir='ltr'><strong><em>κίονος.</em></strong></span> <span class='ocrx_word' id='word_1_78' title='bbox 400 1239 528 1319; x_wconf 75' lang='grc' dir='ltr'><strong><em>σεισμοῦ</em></strong></span> <span class='ocrx_word' id='word_1_79' title='bbox 545 1235 579 1300; x_wconf 80' lang='grc' dir='ltr'>δέ</span> <span class='ocrx_word' id='word_1_80' title='bbox 596 1234 757 1320; x_wconf 85' lang='grc' dir='ltr'><strong><em>γενομένου</em></strong></span> <span class='ocrx_word' id='word_1_81' title='bbox 774 1234 959 1300; x_wconf 72' lang='grc' dir='ltr'><strong><em>πεπτωκέναι</em></strong></span> <span class='ocrx_word' id='word_1_82' title='bbox 976 1235 1032 1312; x_wconf 84' lang='grc' dir='ltr'>τὰς</span> <span class='ocrx_word' id='word_1_83' title='bbox 1049 1233 1173 1320; x_wconf 82' lang='grc' dir='ltr'><strong><em>στήλας.</em></strong></span> 
     </span>
    </p>

    <p class='ocr_par' dir='ltr' id='par_1_3' title="bbox 126 1329 1326 1739">
     <span class='ocr_line' id='line_1_11' title="bbox 126 1329 1326 1426; baseline -0.006 -18"><span class='ocrx_word' id='word_1_84' title='bbox 126 1356 151 1408; x_wconf 89' lang='lat' dir='ltr'>D</span> <span class='ocrx_word' id='word_1_85' title='bbox 264 1338 334 1406; x_wconf 63' lang='grc' dir='ltr'><strong><em>’Ότι</em></strong></span> <span class='ocrx_word' id='word_1_86' title='bbox 359 1335 499 1406; x_wconf 77' lang='grc' dir='ltr'><strong><em>κάτωθεν</em></strong></span> <span class='ocrx_word' id='word_1_87' title='bbox 525 1343 580 1404; x_wconf 79' lang='grc' dir='ltr'><strong><em>τοῦ</em></strong></span> <span class='ocrx_word' id='word_1_88' title='bbox 597 1339 698 1415; x_wconf 85' lang='grc' dir='ltr'><strong><em>κίονος</em></strong></span> <span class='ocrx_word' id='word_1_89' title='bbox 713 1343 770 1404; x_wconf 80' lang='grc' dir='ltr'><strong><em>τοῦ</em></strong></span> <span class='ocrx_word' id='word_1_90' title='bbox 786 1334 885 1426; x_wconf 79' lang='grc' dir='ltr'><strong><em>φόρου</em></strong></span> <span class='ocrx_word' id='word_1_91' title='bbox 903 1339 1087 1422; x_wconf 77' lang='grc' dir='ltr'><strong><em>κεχωσμένου</em></strong></span> <span class='ocrx_word' id='word_1_92' title='bbox 1105 1341 1180 1405; x_wconf 73' lang='lat' dir='ltr'>sicin</span> <span class='ocrx_word' id='word_1_93' title='bbox 1196 1329 1282 1404; x_wconf 74' lang='grc' dir='ltr'><strong><em>οὗτοι</em></strong></span> <span class='ocrx_word' id='word_1_94' title='bbox 1293 1350 1326 1402; x_wconf 85' lang='grc'>10</span> 
     </span>
     <span class='ocr_line' id='line_1_12' title="bbox 169 1433 1284 1532; baseline -0.004 -22"><span class='ocrx_word' id='word_1_95' title='bbox 169 1445 199 1510; x_wconf 76' lang='grc' dir='ltr'>οἳ</span> <span class='ocrx_word' id='word_1_96' title='bbox 222 1442 278 1510; x_wconf 86' lang='grc' dir='ltr'>δάο</span> <span class='ocrx_word' id='word_1_97' title='bbox 296 1445 441 1532; x_wconf 89' lang='grc' dir='ltr'><strong><em>σταυροί,</em></strong></span> <span class='ocrx_word' id='word_1_98' title='bbox 467 1445 517 1508; x_wconf 79' lang='grc' dir='ltr'><strong><em>καὶ</em></strong></span> <span class='ocrx_word' id='word_1_99' title='bbox 534 1443 633 1524; x_wconf 76' lang='grc' dir='ltr'><strong><em>βίκιον</em></strong></span> <span class='ocrx_word' id='word_1_100' title='bbox 649 1438 750 1530; x_wconf 86' lang='grc' dir='ltr'><strong><em>μάρου</em></strong></span> <span class='ocrx_word' id='word_1_101' title='bbox 777 1433 814 1506; x_wconf 78' lang='grc' dir='ltr'>οὗ</span> <span class='ocrx_word' id='word_1_102' title='bbox 838 1441 988 1526; x_wconf 79' lang='grc' dir='ltr'><strong><em>ἠλείψατο</em></strong></span> <span class='ocrx_word' id='word_1_103' title='bbox 1014 1439 1203 1524; x_wconf 84' lang='grc' dir='ltr'><strong><em>ὃΧριστός,</em></strong></span> <span class='ocrx_word' id='word_1_104' title='bbox 1231 1445 1284 1506; x_wconf 81' lang='grc' dir='ltr'><strong><em>καὶ</em></strong></span> 
     </span>
     <span class='ocr_line' id='line_1_13' title="bbox 168 1543 1285 1635; baseline -0.003 -23"><span class='ocrx_word' id='word_1_105' title='bbox 168 1548 267 1614; x_wconf 85' lang='grc' dir='ltr'><strong><em>πολλά</em></strong></span> <span class='ocrx_word' id='word_1_106' title='bbox 285 1548 373 1635; x_wconf 68' lang='grc' dir='ltr'><strong><em>ἕτερα</em></strong></span> <span class='ocrx_word' id='word_1_107' title='bbox 391 1543 636 1634; x_wconf 82' lang='grc' dir='ltr'><strong><em>σημειοφορικά,</em></strong></span> <span class='ocrx_word' id='word_1_108' title='bbox 653 1546 782 1612; x_wconf 85' lang='grc' dir='ltr'><strong><em>τεθέντα</em></strong></span> <span class='ocrx_word' id='word_1_109' title='bbox 798 1545 854 1628; x_wconf 80' lang='grc' dir='ltr'><strong><em>μέν</em></strong></span> <span class='ocrx_word' id='word_1_110' title='bbox 870 1545 956 1633; x_wconf 81' lang='grc' dir='ltr'><strong><em>παρὰ</em></strong></span> <span class='ocrx_word' id='word_1_111' title='bbox 973 1547 1208 1612; x_wconf 86' lang='grc' dir='ltr'><strong><em>Κωνσταντίνου</em></strong></span> <span class='ocrx_word' id='word_1_112' title='bbox 1226 1552 1285 1612; x_wconf 81' lang='grc' dir='ltr'><strong><em>τοῦ</em></strong></span> 
     </span>
     <span class='ocr_line' id='line_1_14' title="bbox 169 1646 1128 1739; baseline -0.002 -22"><span class='ocrx_word' id='word_1_113' title='bbox 169 1649 322 1738; x_wconf 89' lang='grc' dir='ltr'><strong><em>μεγάλου,</em></strong></span> <span class='ocrx_word' id='word_1_114' title='bbox 341 1650 575 1739; x_wconf 82' lang='grc' dir='ltr'><strong><em>ἀοφαλισθέντα</em></strong></span> <span class='ocrx_word' id='word_1_115' title='bbox 593 1650 627 1716; x_wconf 79' lang='grc' dir='ltr'>δέ</span> <span class='ocrx_word' id='word_1_116' title='bbox 643 1646 703 1715; x_wconf 78' lang='lat' dir='ltr'>aiud</span> <span class='ocrx_word' id='word_1_117' title='bbox 724 1649 892 1714; x_wconf 88' lang='grc' dir='ltr'><strong><em>Θεοδοσίου</em></strong></span> <span class='ocrx_word' id='word_1_118' title='bbox 909 1656 966 1714; x_wconf 77' lang='grc' dir='ltr'><strong><em>τοῦ</em></strong></span> <span class='ocrx_word' id='word_1_119' title='bbox 981 1646 1128 1734; x_wconf 77' lang='grc' dir='ltr'><strong><em>μεγάλου.</em></strong></span> 
     </span>
    </p>

    <p class='ocr_par' dir='ltr' id='par_1_4' title="bbox 81 1748 1326 2257">
     <span class='ocr_line' id='line_1_15' title="bbox 81 1748 1283 1840; baseline -0.003 -19"><span class='ocrx_word' id='word_1_120' title='bbox 81 1779 103 1830; x_wconf 90' lang='lat' dir='ltr'>p</span> <span class='ocrx_word' id='word_1_121' title='bbox 121 1776 156 1833; x_wconf 77' lang='lat'>18</span> <span class='ocrx_word' id='word_1_122' title='bbox 267 1752 337 1820; x_wconf 87' lang='grc' dir='ltr'><strong><em>Ὅτι</em></strong></span> <span class='ocrx_word' id='word_1_123' title='bbox 364 1757 407 1831; x_wconf 79' lang='grc' dir='ltr'>είς</span> <span class='ocrx_word' id='word_1_124' title='bbox 423 1754 476 1820; x_wconf 85' lang='grc' dir='ltr'>τὸν</span> <span class='ocrx_word' id='word_1_125' title='bbox 493 1751 579 1840; x_wconf 83' lang='grc' dir='ltr'><strong><em>ἅγιον</em></strong></span> <span class='ocrx_word' id='word_1_126' title='bbox 596 1748 760 1837; x_wconf 88' lang='grc' dir='ltr'><strong><em>Μάμαντα</em></strong></span> <span class='ocrx_word' id='word_1_127' title='bbox 775 1753 872 1838; x_wconf 86' lang='grc' dir='ltr'><strong><em>πέραν</em></strong></span> <span class='ocrx_word' id='word_1_128' title='bbox 885 1754 993 1818; x_wconf 71' lang='grc' dir='ltr'><strong><em>ἵστατο</em></strong></span> <span class='ocrx_word' id='word_1_129' title='bbox 1011 1753 1130 1840; x_wconf 85' lang='grc' dir='ltr'><strong><em>γέφυρα</em></strong></span> <span class='ocrx_word' id='word_1_130' title='bbox 1153 1749 1283 1838; x_wconf 86' lang='grc' dir='ltr'><strong><em>μεγάλη,</em></strong></span> 
     </span>
     <span class='ocr_line' id='line_1_16' title="bbox 167 1852 1326 1944; baseline -0.002 -16"><span class='ocrx_word' id='word_1_131' title='bbox 167 1855 259 1928; x_wconf 79' lang='grc' dir='ltr'><strong><em>ὁποία</em></strong></span> <span class='ocrx_word' id='word_1_132' title='bbox 276 1867 332 1943; x_wconf 84' lang='grc' dir='ltr'>τῆς</span> <span class='ocrx_word' id='word_1_133' title='bbox 343 1856 556 1943; x_wconf 86' lang='grc' dir='ltr'><strong><em>Χαλκηδόνος,</em></strong></span> <span class='ocrx_word' id='word_1_134' title='bbox 577 1854 696 1924; x_wconf 83' lang='grc' dir='ltr'><strong><em>δώδεκα</em></strong></span> <span class='ocrx_word' id='word_1_135' title='bbox 713 1852 856 1944; x_wconf 88' lang='grc' dir='ltr'><strong><em>καμάρας</em></strong></span> <span class='ocrx_word' id='word_1_136' title='bbox 872 1853 994 1942; x_wconf 79' lang='grc' dir='ltr'><strong><em>έχουσα.</em></strong></span> <span class='ocrx_word' id='word_1_137' title='bbox 1019 1855 1160 1940; x_wconf 83' lang='grc' dir='ltr'><strong><em>ποταμός</em></strong></span> <span class='ocrx_word' id='word_1_138' title='bbox 1177 1857 1210 1922; x_wconf 82' lang='grc' dir='ltr'>δέ</span> <span class='ocrx_word' id='word_1_139' title='bbox 1222 1884 1280 1922; x_wconf 92' lang='grc' dir='ltr'><strong><em>κα-</em></strong></span> <span class='ocrx_word' id='word_1_140' title='bbox 1291 1875 1326 1926; x_wconf 84' lang='grc'>15</span> 
     </span>
     <span class='ocr_line' id='line_1_17' title="bbox 166 1958 1283 2052; baseline -0.004 -23"><span class='ocrx_word' id='word_1_141' title='bbox 166 1961 294 2049; x_wconf 86' lang='grc' dir='ltr'><strong><em>τήρχετο</em></strong></span> <span class='ocrx_word' id='word_1_142' title='bbox 306 1963 517 2052; x_wconf 72' lang='grc' dir='ltr'><strong><em>παμμεγέθης,</em></strong></span> <span class='ocrx_word' id='word_1_143' title='bbox 535 1963 586 2028; x_wconf 84' lang='grc' dir='ltr'><strong><em>καί</em></strong></span> <span class='ocrx_word' id='word_1_144' title='bbox 602 1958 738 2046; x_wconf 90' lang='grc' dir='ltr'><strong><em>μάλιστα</em></strong></span> <span class='ocrx_word' id='word_1_145' title='bbox 753 1967 797 2049; x_wconf 77' lang='grc' dir='ltr'><strong><em>τῷ</em></strong></span> <span class='ocrx_word' id='word_1_146' title='bbox 809 1962 1011 2049; x_wconf 79' lang='grc' dir='ltr'><strong><em>Φεβρουαρίῳ</em></strong></span> <span class='ocrx_word' id='word_1_147' title='bbox 1028 1963 1111 2044; x_wconf 92' lang='grc' dir='ltr'><strong><em>μηνί.</em></strong></span> <span class='ocrx_word' id='word_1_148' title='bbox 1137 1959 1215 2026; x_wconf 66' lang='grc' dir='ltr'><strong><em>ἔνθα</em></strong></span> <span class='ocrx_word' id='word_1_149' title='bbox 1231 1965 1283 2025; x_wconf 78' lang='grc' dir='ltr'><strong><em>καί</em></strong></span> 
     </span>
     <span class='ocr_line' id='line_1_18' title="bbox 169 2060 1284 2152; baseline -0.002 -20"><span class='ocrx_word' id='word_1_150' title='bbox 169 2065 290 2152; x_wconf 89' lang='grc' dir='ltr'><strong><em>δράκων</em></strong></span> <span class='ocrx_word' id='word_1_151' title='bbox 304 2070 413 2134; x_wconf 67' lang='grc' dir='ltr'><strong><em>ἰ’στατο</em></strong></span> <span class='ocrx_word' id='word_1_152' title='bbox 428 2073 579 2149; x_wconf 81' lang='grc' dir='ltr'><strong><em>χαλκοῦς,</em></strong></span> <span class='ocrx_word' id='word_1_153' title='bbox 607 2065 660 2130; x_wconf 84' lang='grc' dir='ltr'>διδ</span> <span class='ocrx_word' id='word_1_154' title='bbox 677 2065 712 2130; x_wconf 86' lang='grc' dir='ltr'><strong><em>τό</em></strong></span> <span class='ocrx_word' id='word_1_155' title='bbox 731 2065 826 2150; x_wconf 87' lang='grc' dir='ltr'><strong><em>λέγειν</em></strong></span> <span class='ocrx_word' id='word_1_156' title='bbox 842 2063 928 2142; x_wconf 80' lang='grc' dir='ltr'><strong><em>τινάς</em></strong></span> <span class='ocrx_word' id='word_1_157' title='bbox 944 2060 1097 2151; x_wconf 91' lang='grc' dir='ltr'><strong><em>δράκοντα</em></strong></span> <span class='ocrx_word' id='word_1_158' title='bbox 1114 2067 1204 2130; x_wconf 83' lang='grc' dir='ltr'><strong><em>οίκεῖν</em></strong></span> <span class='ocrx_word' id='word_1_159' title='bbox 1227 2064 1284 2148; x_wconf 82' lang='grc' dir='ltr'>τήν</span> 
     </span>
     <span class='ocr_line' id='line_1_19' title="bbox 168 2163 1284 2257; baseline -0.003 -22"><span class='ocrx_word' id='word_1_160' title='bbox 168 2172 314 2257; x_wconf 83' lang='grc' dir='ltr'><strong><em>γέφυραν.</em></strong></span> <span class='ocrx_word' id='word_1_161' title='bbox 367 2170 414 2233; x_wconf 87' lang='grc' dir='ltr'>διδ</span> <span class='ocrx_word' id='word_1_162' title='bbox 433 2173 482 2232; x_wconf 76' lang='grc' dir='ltr'><strong><em>καὶ</em></strong></span> <span class='ocrx_word' id='word_1_163' title='bbox 500 2171 610 2232; x_wconf 77' lang='grc' dir='ltr'><strong><em>πολλαὶ</em></strong></span> <span class='ocrx_word' id='word_1_164' title='bbox 628 2169 780 2252; x_wconf 74' lang='grc' dir='ltr'><strong><em>παρθένοι</em></strong></span> <span class='ocrx_word' id='word_1_165' title='bbox 797 2165 953 2250; x_wconf 77' lang='grc' dir='ltr'><strong><em>ίτόθησαν</em></strong></span> <span class='ocrx_word' id='word_1_166' title='bbox 970 2170 1022 2234; x_wconf 83' lang='grc' dir='ltr'><strong><em>καί</em></strong></span> <span class='ocrx_word' id='word_1_167' title='bbox 1038 2165 1145 2251; x_wconf 81' lang='grc' dir='ltr'><strong><em>πλήθη</em></strong></span> <span class='ocrx_word' id='word_1_168' title='bbox 1162 2163 1284 2254; x_wconf 76' lang='grc' dir='ltr'><strong><em>προβά-</em></strong></span> 
     </span>
    </p>
   </div>
   <div class='ocr_carea' id='block_1_3' title="bbox 168 2267 1326 2464">
    <p class='ocr_par' dir='ltr' id='par_1_5' title="bbox 168 2267 1326 2464">
     <span class='ocr_line' id='line_1_20' title="bbox 168 2267 1283 2359; baseline -0.003 -21"><span class='ocrx_word' id='word_1_169' title='bbox 168 2299 229 2338; x_wconf 87' lang='grc' dir='ltr'>των</span> <span class='ocrx_word' id='word_1_170' title='bbox 246 2275 296 2338; x_wconf 81' lang='grc' dir='ltr'><strong><em>καί</em></strong></span> <span class='ocrx_word' id='word_1_171' title='bbox 313 2277 396 2354; x_wconf 81' lang='grc' dir='ltr'><strong><em>βοῶν</em></strong></span> <span class='ocrx_word' id='word_1_172' title='bbox 414 2274 464 2336; x_wconf 78' lang='grc' dir='ltr'><strong><em>καὶ</em></strong></span> <span class='ocrx_word' id='word_1_173' title='bbox 482 2271 603 2358; x_wconf 86' lang='grc' dir='ltr'><strong><em>ὀρνέων.</em></strong></span> <span class='ocrx_word' id='word_1_174' title='bbox 655 2270 841 2346; x_wconf 88' lang='grc' dir='ltr'><strong><em>Βασιλίσκος</em></strong></span> <span class='ocrx_word' id='word_1_175' title='bbox 858 2267 917 2359; x_wconf 91' lang='grc' dir='ltr'>γάρ</span> <span class='ocrx_word' id='word_1_176' title='bbox 933 2297 981 2349; x_wconf 90' lang='grc' dir='ltr'>τις</span> <span class='ocrx_word' id='word_1_177' title='bbox 997 2273 1139 2359; x_wconf 73' lang='grc' dir='ltr'><strong><em>ἐρασθείς</em></strong></span> <span class='ocrx_word' id='word_1_178' title='bbox 1155 2277 1211 2335; x_wconf 80' lang='grc' dir='ltr'><strong><em>τοῦ</em></strong></span> <span class='ocrx_word' id='word_1_179' title='bbox 1228 2269 1283 2337; x_wconf 85' lang='grc' dir='ltr'><strong><em>τό·</em></strong></span> 
     </span>
     <span class='ocr_line' id='line_1_21' title="bbox 169 2367 1326 2464; baseline 0.001 -25"><span class='ocrx_word' id='word_1_180' title='bbox 169 2401 239 2455; x_wconf 91' lang='grc' dir='ltr'><strong><em>που,</em></strong></span> <span class='ocrx_word' id='word_1_181' title='bbox 258 2375 292 2452; x_wconf 80' lang='grc' dir='ltr'><strong><em>ὃς</em></strong></span> <span class='ocrx_word' id='word_1_182' title='bbox 308 2367 345 2458; x_wconf 85' lang='grc' dir='ltr'><strong><em>ήν</em></strong></span> <span class='ocrx_word' id='word_1_183' title='bbox 363 2369 405 2451; x_wconf 77' lang='grc' dir='ltr'>εἷς</span> <span class='ocrx_word' id='word_1_184' title='bbox 421 2380 482 2440; x_wconf 80' lang='grc' dir='ltr'>τῶν</span> <span class='ocrx_word' id='word_1_185' title='bbox 499 2373 559 2439; x_wconf 80' lang='grc' dir='ltr'><strong><em>ἀπὸ</em></strong></span> <span class='ocrx_word' id='word_1_186' title='bbox 569 2378 784 2458; x_wconf 85' lang='grc' dir='ltr'><strong><em>Νουμεριανοῦ</em></strong></span> <span class='ocrx_word' id='word_1_187' title='bbox 796 2375 965 2463; x_wconf 70' lang='grc' dir='ltr'><strong><em>Καίσαρος,</em></strong></span> <span class='ocrx_word' id='word_1_188' title='bbox 982 2373 1088 2452; x_wconf 85' lang='grc' dir='ltr'><strong><em>κτίσας</em></strong></span> <span class='ocrx_word' id='word_1_189' title='bbox 1104 2370 1281 2464; x_wconf 73' lang='grc' dir='ltr'><strong><em>κατῴκησεν</em></strong></span> <span class='ocrx_word' id='word_1_190' title='bbox 1289 2395 1326 2449; x_wconf 74' lang='lat'>20</span> 
     </span>
    </p>
   </div>
   <div class='ocr_carea' id='block_1_4' title="bbox 237 2547 1284 2773">
    <p class='ocr_par' dir='ltr' id='par_1_6' title="bbox 237 2547 1284 2773">
     <span class='ocr_line' id='line_1_22' title="bbox 241 2547 1282 2638; baseline -0.001 -32"><span class='ocrx_word' id='word_1_191' title='bbox 241 2556 300 2636; x_wconf 50' lang='lat' dir='ltr'>l&#39;p.</span> <span class='ocrx_word' id='word_1_192' title='bbox 319 2553 354 2610; x_wconf 82' lang='lat'>86</span> <span class='ocrx_word' id='word_1_193' title='bbox 372 2551 456 2636; x_wconf 61' lang='lat' dir='ltr'>lland.</span> <span class='ocrx_word' id='word_1_194' title='bbox 492 2547 588 2638; x_wconf 74' lang='grc' dir='ltr'><strong><em>θέαμα</em></strong></span> <span class='ocrx_word' id='word_1_195' title='bbox 604 2551 737 2635; x_wconf 32' lang='grc' dir='ltr'><strong><em>οδδανοτ.</em></strong></span> <span class='ocrx_word' id='word_1_196' title='bbox 806 2547 986 2636; x_wconf 69' lang='grc' dir='ltr'><strong><em>θκοχλιάδες</em></strong></span> <span class='ocrx_word' id='word_1_197' title='bbox 1002 2553 1060 2608; x_wconf 85' lang='grc' dir='ltr'><strong><em>οοδ.</em></strong></span> <span class='ocrx_word' id='word_1_198' title='bbox 1079 2571 1156 2608; x_wconf 85' lang='lat' dir='ltr'>nnus.</span> <span class='ocrx_word' id='word_1_199' title='bbox 1225 2550 1282 2622; x_wconf 83' lang='grc' dir='ltr'>Ἀρ-</span> 
     </span>
     <span class='ocr_line' id='line_1_23' title="bbox 237 2619 1282 2693; baseline 0.007 -19"><span class='ocrx_word' id='word_1_200' title='bbox 237 2622 348 2689; x_wconf 83' lang='grc' dir='ltr'><strong><em>τεμιδος</em></strong></span> <span class='ocrx_word' id='word_1_201' title='bbox 364 2625 498 2682; x_wconf 79' lang='grc' dir='ltr'><strong><em>συνθετος</em></strong></span> <span class='ocrx_word' id='word_1_202' title='bbox 515 2625 599 2692; x_wconf 86' lang='grc' dir='ltr'><strong><em>στηλη</em></strong></span> <span class='ocrx_word' id='word_1_203' title='bbox 618 2621 714 2675; x_wconf 84' lang='lat' dir='ltr'>Surdas</span> <span class='ocrx_word' id='word_1_204' title='bbox 730 2640 757 2674; x_wconf 82' lang='lat' dir='ltr'>v.</span> <span class='ocrx_word' id='word_1_205' title='bbox 775 2638 904 2685; x_wconf 82' lang='grc' dir='ltr'><strong><em>στανρος.</em></strong></span> <span class='ocrx_word' id='word_1_206' title='bbox 1012 2619 1142 2693; x_wconf 84' lang='grc' dir='ltr'><strong><em>Σεβήρου</em></strong></span> <span class='ocrx_word' id='word_1_207' title='bbox 1160 2639 1202 2676; x_wconf 91' lang='lat' dir='ltr'>om</span> <span class='ocrx_word' id='word_1_208' title='bbox 1218 2626 1282 2680; x_wconf 86' lang='lat' dir='ltr'>Vat.</span> 
     </span>
     <span class='ocr_line' id='line_1_24' title="bbox 238 2689 1284 2773; baseline 0.002 -31"><span class='ocrx_word' id='word_1_209' title='bbox 238 2691 431 2773; x_wconf 78' lang='grc' dir='ltr'><strong><em>ὃμαρκίιουος</em></strong></span> <span class='ocrx_word' id='word_1_210' title='bbox 449 2694 511 2746; x_wconf 88' lang='lat' dir='ltr'>Vat.</span> <span class='ocrx_word' id='word_1_211' title='bbox 598 2693 631 2744; x_wconf 91' lang='lat' dir='ltr'>l0</span> <span class='ocrx_word' id='word_1_212' title='bbox 650 2709 677 2760; x_wconf 88' lang='lat' dir='ltr'>p.</span> <span class='ocrx_word' id='word_1_213' title='bbox 696 2690 730 2743; x_wconf 78' lang='lat'>13</span> <span class='ocrx_word' id='word_1_214' title='bbox 748 2700 775 2744; x_wconf 88' lang='lat' dir='ltr'>et</span> <span class='ocrx_word' id='word_1_215' title='bbox 792 2690 827 2750; x_wconf 84' lang='grc'>87</span> <span class='ocrx_word' id='word_1_216' title='bbox 844 2691 928 2750; x_wconf 85' lang='lat' dir='ltr'>Band.</span> <span class='ocrx_word' id='word_1_217' title='bbox 1020 2695 1053 2746; x_wconf 90' lang='lat'>11</span> <span class='ocrx_word' id='word_1_218' title='bbox 1073 2689 1104 2746; x_wconf 87' lang='grc' dir='ltr'><strong><em>τδ</em></strong></span> <span class='ocrx_word' id='word_1_219' title='bbox 1123 2691 1214 2761; x_wconf 84' lang='grc' dir='ltr'><strong><em>βίκιον</em></strong></span> <span class='ocrx_word' id='word_1_220' title='bbox 1232 2692 1284 2746; x_wconf 79' lang='grc' dir='ltr'><strong><em>τοῦ</em></strong></span> 
     </span>
    </p>
   </div>
   <div class='ocr_carea' id='block_1_5' title="bbox 237 2749 1282 2902">
    <p class='ocr_par' dir='ltr' id='par_1_7' title="bbox 237 2749 1282 2902">
     <span class='ocr_line' id='line_1_25' title="bbox 237 2749 1282 2832; baseline 0.005 -22"><span class='ocrx_word' id='word_1_221' title='bbox 237 2779 327 2828; x_wconf 86' lang='grc' dir='ltr'><strong><em>μυρου</em></strong></span> <span class='ocrx_word' id='word_1_222' title='bbox 345 2749 367 2832; x_wconf 74' lang='grc' dir='ltr'><em>ᾦ</em></span> <span class='ocrx_word' id='word_1_223' title='bbox 386 2761 424 2828; x_wconf 85' lang='grc'>0,</span> <span class='ocrx_word' id='word_1_224' title='bbox 443 2759 550 2831; x_wconf 83' lang='grc' dir='ltr'><strong><em>βίσσιον</em></strong></span> <span class='ocrx_word' id='word_1_225' title='bbox 565 2754 666 2814; x_wconf 65' lang='lat' dir='ltr'>lesem</span> <span class='ocrx_word' id='word_1_226' title='bbox 682 2757 773 2830; x_wconf 87' lang='grc' dir='ltr'><strong><em>μόρου</em></strong></span> <span class='ocrx_word' id='word_1_227' title='bbox 790 2757 821 2815; x_wconf 87' lang='grc' dir='ltr'><strong><em>έν</em></strong></span> <span class='ocrx_word' id='word_1_228' title='bbox 839 2749 861 2813; x_wconf 79' lang='lat' dir='ltr'>ai</span> <span class='ocrx_word' id='word_1_229' title='bbox 878 2763 913 2816; x_wconf 80' lang='lat' dir='ltr'>F.</span> <span class='ocrx_word' id='word_1_230' title='bbox 1031 2763 1066 2818; x_wconf 85' lang='lat'>13</span> <span class='ocrx_word' id='word_1_231' title='bbox 1083 2757 1282 2830; x_wconf 82' lang='grc' dir='ltr'><strong><em>άφαυισθέντοι</em></strong></span> 
     </span>
     <span class='ocr_line' id='line_1_26' title="bbox 237 2829 684 2902; baseline 0.009 -20"><span class='ocrx_word' id='word_1_232' title='bbox 237 2831 344 2884; x_wconf 84' lang='lat' dir='ltr'>Suidas.</span> <span class='ocrx_word' id='word_1_233' title='bbox 449 2833 484 2887; x_wconf 73' lang='lat'>14</span> <span class='ocrx_word' id='word_1_234' title='bbox 500 2849 528 2902; x_wconf 76' lang='lat' dir='ltr'>p.</span> <span class='ocrx_word' id='word_1_235' title='bbox 545 2829 580 2886; x_wconf 83' lang='lat'>87</span> <span class='ocrx_word' id='word_1_236' title='bbox 599 2831 684 2886; x_wconf 85' lang='lat' dir='ltr'>Band.</span> 
     </span>
    </p>
   </div>
   <div class='ocr_carea' id='block_1_6' title="bbox 167 2983 1285 4308">
    <p class='ocr_par' dir='ltr' id='par_1_8' title="bbox 168 2983 1284 3525">
     <span class='ocr_line' id='line_1_27' title="bbox 272 2983 1281 3055; baseline 0 -17"><span class='ocrx_word' id='word_1_237' title='bbox 272 2985 449 3055; x_wconf 86' lang='lat' dir='ltr'>Xerolaphum</span> <span class='ocrx_word' id='word_1_238' title='bbox 472 2984 577 3054; x_wconf 88' lang='lat' dir='ltr'>quidem</span> <span class='ocrx_word' id='word_1_239' title='bbox 598 2985 672 3055; x_wconf 88' lang='lat' dir='ltr'>prius</span> <span class='ocrx_word' id='word_1_240' title='bbox 690 2983 809 3037; x_wconf 86' lang='lat' dir='ltr'>Theama</span> <span class='ocrx_word' id='word_1_241' title='bbox 831 2985 974 3039; x_wconf 80' lang='lat' dir='ltr'>vocabant.</span> <span class='ocrx_word' id='word_1_242' title='bbox 1008 2984 1036 3036; x_wconf 91' lang='lat' dir='ltr'>in</span> <span class='ocrx_word' id='word_1_243' title='bbox 1058 2983 1103 3038; x_wconf 90' lang='lat' dir='ltr'>illo</span> <span class='ocrx_word' id='word_1_244' title='bbox 1127 2984 1199 3038; x_wconf 91' lang='lat' dir='ltr'>enim</span> <span class='ocrx_word' id='word_1_245' title='bbox 1222 3002 1281 3038; x_wconf 87' lang='lat' dir='ltr'>sex-</span> 
     </span>
     <span class='ocr_line' id='line_1_28' title="bbox 169 3053 1282 3122; baseline -0.002 -13"><span class='ocrx_word' id='word_1_246' title='bbox 169 3055 251 3110; x_wconf 88' lang='lat' dir='ltr'>decim</span> <span class='ocrx_word' id='word_1_247' title='bbox 269 3056 389 3108; x_wconf 79' lang='lat' dir='ltr'>cochleae</span> <span class='ocrx_word' id='word_1_248' title='bbox 407 3062 498 3121; x_wconf 86' lang='lat' dir='ltr'>erant,</span> <span class='ocrx_word' id='word_1_249' title='bbox 530 3061 559 3108; x_wconf 90' lang='lat' dir='ltr'>et</span> <span class='ocrx_word' id='word_1_250' title='bbox 576 3061 664 3107; x_wconf 87' lang='lat' dir='ltr'>statua</span> <span class='ocrx_word' id='word_1_251' title='bbox 682 3053 783 3106; x_wconf 89' lang='lat' dir='ltr'>Dianae</span> <span class='ocrx_word' id='word_1_252' title='bbox 802 3062 830 3106; x_wconf 89' lang='lat' dir='ltr'>et</span> <span class='ocrx_word' id='word_1_253' title='bbox 847 3054 944 3106; x_wconf 85' lang='lat' dir='ltr'>Severi</span> <span class='ocrx_word' id='word_1_254' title='bbox 962 3054 1119 3122; x_wconf 89' lang='lat' dir='ltr'>conditoris,</span> <span class='ocrx_word' id='word_1_255' title='bbox 1149 3063 1178 3108; x_wconf 91' lang='lat' dir='ltr'>et</span> <span class='ocrx_word' id='word_1_256' title='bbox 1194 3055 1282 3107; x_wconf 87' lang='lat' dir='ltr'>Thea-</span> 
     </span>
     <span class='ocr_line' id='line_1_29' title="bbox 170 3123 1282 3194; baseline -0.004 -14"><span class='ocrx_word' id='word_1_257' title='bbox 170 3126 276 3180; x_wconf 87' lang='lat' dir='ltr'>matium</span> <span class='ocrx_word' id='word_1_258' title='bbox 299 3125 397 3194; x_wconf 83' lang='lat' dir='ltr'><strong>tripes.</strong></span> <span class='ocrx_word' id='word_1_259' title='bbox 430 3123 469 3176; x_wconf 89' lang='lat' dir='ltr'>ibi</span> <span class='ocrx_word' id='word_1_260' title='bbox 491 3123 610 3177; x_wconf 83' lang='lat' dir='ltr'>Severus</span> <span class='ocrx_word' id='word_1_261' title='bbox 635 3123 717 3176; x_wconf 88' lang='lat' dir='ltr'>multa</span> <span class='ocrx_word' id='word_1_262' title='bbox 741 3123 873 3176; x_wconf 88' lang='lat' dir='ltr'>sacrificia</span> <span class='ocrx_word' id='word_1_263' title='bbox 896 3125 974 3190; x_wconf 81' lang='lat' dir='ltr'>fecit,</span> <span class='ocrx_word' id='word_1_264' title='bbox 1003 3123 1147 3194; x_wconf 89' lang='lat' dir='ltr'>eodemque</span> <span class='ocrx_word' id='word_1_265' title='bbox 1170 3125 1198 3176; x_wconf 93' lang='lat' dir='ltr'>in</span> <span class='ocrx_word' id='word_1_266' title='bbox 1225 3124 1282 3176; x_wconf 89' lang='lat' dir='ltr'>loco</span> 
     </span>
     <span class='ocr_line' id='line_1_30' title="bbox 169 3191 1284 3264; baseline -0.004 -15"><span class='ocrx_word' id='word_1_267' title='bbox 169 3196 251 3249; x_wconf 87' lang='lat' dir='ltr'>multa</span> <span class='ocrx_word' id='word_1_268' title='bbox 267 3194 372 3246; x_wconf 88' lang='lat' dir='ltr'>oracula</span> <span class='ocrx_word' id='word_1_269' title='bbox 390 3191 460 3245; x_wconf 86' lang='lat' dir='ltr'>edita</span> <span class='ocrx_word' id='word_1_270' title='bbox 477 3201 553 3257; x_wconf 75' lang='lat' dir='ltr'>sunt3</span> <span class='ocrx_word' id='word_1_271' title='bbox 579 3209 631 3262; x_wconf 90' lang='lat' dir='ltr'>quo</span> <span class='ocrx_word' id='word_1_272' title='bbox 650 3199 770 3264; x_wconf 87' lang='lat' dir='ltr'>tempore</span> <span class='ocrx_word' id='word_1_273' title='bbox 787 3194 866 3246; x_wconf 90' lang='lat' dir='ltr'>etiam</span> <span class='ocrx_word' id='word_1_274' title='bbox 883 3193 969 3263; x_wconf 84' lang='lat' dir='ltr'>puella</span> <span class='ocrx_word' id='word_1_275' title='bbox 985 3194 1063 3262; x_wconf 83' lang='lat' dir='ltr'>virgo</span> <span class='ocrx_word' id='word_1_276' title='bbox 1081 3195 1135 3247; x_wconf 91' lang='lat' dir='ltr'>illic</span> <span class='ocrx_word' id='word_1_277' title='bbox 1151 3195 1284 3246; x_wconf 85' lang='lat' dir='ltr'>immolata</span> 
     </span>
     <span class='ocr_line' id='line_1_31' title="bbox 170 3261 1282 3332; baseline -0.003 -15"><span class='ocrx_word' id='word_1_278' title='bbox 170 3274 220 3318; x_wconf 86' lang='lat' dir='ltr'>est.</span> <span class='ocrx_word' id='word_1_279' title='bbox 254 3264 308 3317; x_wconf 82' lang='lat' dir='ltr'>fuit</span> <span class='ocrx_word' id='word_1_280' title='bbox 325 3263 404 3315; x_wconf 86' lang='lat' dir='ltr'>etiam</span> <span class='ocrx_word' id='word_1_281' title='bbox 420 3263 504 3314; x_wconf 85' lang='lat' dir='ltr'>thesis</span> <span class='ocrx_word' id='word_1_282' title='bbox 521 3261 707 3330; x_wconf 78' lang='lat' dir='ltr'><strong>astronomica,</strong></span> <span class='ocrx_word' id='word_1_283' title='bbox 737 3279 806 3332; x_wconf 89' lang='lat' dir='ltr'>quae</span> <span class='ocrx_word' id='word_1_284' title='bbox 825 3279 909 3316; x_wconf 86' lang='lat' dir='ltr'>annos</span> <span class='ocrx_word' id='word_1_285' title='bbox 927 3262 962 3318; x_wconf 79' lang='lat'>36</span> <span class='ocrx_word' id='word_1_286' title='bbox 985 3263 1102 3317; x_wconf 83' lang='lat' dir='ltr'>duravit.</span> <span class='ocrx_word' id='word_1_287' title='bbox 1138 3265 1166 3316; x_wconf 93' lang='lat' dir='ltr'>in</span> <span class='ocrx_word' id='word_1_288' title='bbox 1192 3264 1282 3315; x_wconf 89' lang='lat' dir='ltr'>eodem</span> 
     </span>
     <span class='ocr_line' id='line_1_32' title="bbox 168 3332 1284 3402; baseline -0.004 -14"><span class='ocrx_word' id='word_1_289' title='bbox 168 3333 340 3402; x_wconf 86' lang='lat' dir='ltr'>Xerolapbo,</span> <span class='ocrx_word' id='word_1_290' title='bbox 370 3339 400 3384; x_wconf 89' lang='lat' dir='ltr'>ut</span> <span class='ocrx_word' id='word_1_291' title='bbox 422 3332 502 3400; x_wconf 85' lang='lat' dir='ltr'>vulgo</span> <span class='ocrx_word' id='word_1_292' title='bbox 526 3335 596 3386; x_wconf 84' lang='lat' dir='ltr'>fama</span> <span class='ocrx_word' id='word_1_293' title='bbox 622 3334 724 3398; x_wconf 87' lang='lat' dir='ltr'>fertur,</span> <span class='ocrx_word' id='word_1_294' title='bbox 753 3332 897 3386; x_wconf 75' lang='lat' dir='ltr'>collocatae</span> <span class='ocrx_word' id='word_1_295' title='bbox 921 3341 997 3386; x_wconf 89' lang='lat' dir='ltr'>erant</span> <span class='ocrx_word' id='word_1_296' title='bbox 1012 3339 1117 3386; x_wconf 78' lang='lat' dir='ltr'><strong>statuae</strong></span> <span class='ocrx_word' id='word_1_297' title='bbox 1134 3333 1284 3386; x_wconf 81' lang='lat' dir='ltr'>Theodosii</span> 
     </span>
     <span class='ocr_line' id='line_1_33' title="bbox 168 3401 1283 3473; baseline -0.003 -17"><span class='ocrx_word' id='word_1_298' title='bbox 168 3402 279 3456; x_wconf 85' lang='lat' dir='ltr'>iunioris</span> <span class='ocrx_word' id='word_1_299' title='bbox 297 3408 325 3454; x_wconf 87' lang='lat' dir='ltr'>et</span> <span class='ocrx_word' id='word_1_300' title='bbox 340 3401 519 3454; x_wconf 78' lang='lat' dir='ltr'>Valentiniani</span> <span class='ocrx_word' id='word_1_301' title='bbox 536 3411 564 3456; x_wconf 90' lang='lat' dir='ltr'>et</span> <span class='ocrx_word' id='word_1_302' title='bbox 581 3401 713 3455; x_wconf 86' lang='lat' dir='ltr'>Marciani</span> <span class='ocrx_word' id='word_1_303' title='bbox 728 3401 800 3456; x_wconf 81' lang='lat' dir='ltr'>inira</span> <span class='ocrx_word' id='word_1_304' title='bbox 818 3401 976 3469; x_wconf 89' lang='lat' dir='ltr'>columnam,</span> <span class='ocrx_word' id='word_1_305' title='bbox 998 3419 1067 3472; x_wconf 86' lang='lat' dir='ltr'>quae</span> <span class='ocrx_word' id='word_1_306' title='bbox 1083 3409 1177 3473; x_wconf 85' lang='lat' dir='ltr'>postea</span> <span class='ocrx_word' id='word_1_307' title='bbox 1193 3411 1283 3456; x_wconf 87' lang='lat' dir='ltr'>terrae</span> 
     </span>
     <span class='ocr_line' id='line_1_34' title="bbox 168 3478 425 3525; baseline -0.008 0"><span class='ocrx_word' id='word_1_308' title='bbox 168 3481 239 3525; x_wconf 88' lang='lat' dir='ltr'>motu</span> <span class='ocrx_word' id='word_1_309' title='bbox 258 3478 425 3524; x_wconf 88' lang='lat' dir='ltr'>corruerunt.</span> 
     </span>
    </p>

    <p class='ocr_par' dir='ltr' id='par_1_9' title="bbox 168 3539 1284 3883">
     <span class='ocr_line' id='line_1_35' title="bbox 271 3539 1283 3610; baseline 0 -18"><span class='ocrx_word' id='word_1_310' title='bbox 271 3542 301 3592; x_wconf 92' lang='lat' dir='ltr'>In</span> <span class='ocrx_word' id='word_1_311' title='bbox 319 3539 440 3593; x_wconf 80' lang='lat' dir='ltr'>inferiori</span> <span class='ocrx_word' id='word_1_312' title='bbox 457 3544 534 3610; x_wconf 86' lang='lat' dir='ltr'>parte</span> <span class='ocrx_word' id='word_1_313' title='bbox 551 3539 686 3592; x_wconf 87' lang='lat' dir='ltr'>columnae</span> <span class='ocrx_word' id='word_1_314' title='bbox 701 3540 755 3592; x_wconf 85' lang='lat' dir='ltr'>sori</span> <span class='ocrx_word' id='word_1_315' title='bbox 772 3539 908 3609; x_wconf 79' lang='lat' dir='ltr'>depositae</span> <span class='ocrx_word' id='word_1_316' title='bbox 928 3545 1006 3592; x_wconf 86' lang='lat' dir='ltr'>erant</span> <span class='ocrx_word' id='word_1_317' title='bbox 1022 3539 1090 3592; x_wconf 88' lang='lat' dir='ltr'>duae</span> <span class='ocrx_word' id='word_1_318' title='bbox 1108 3557 1200 3594; x_wconf 87' lang='lat' dir='ltr'>cruces</span> <span class='ocrx_word' id='word_1_319' title='bbox 1217 3540 1283 3592; x_wconf 89' lang='lat' dir='ltr'>duo-</span> 
     </span>
     <span class='ocr_line' id='line_1_36' title="bbox 168 3608 1284 3678; baseline -0.004 -14"><span class='ocrx_word' id='word_1_320' title='bbox 168 3628 225 3664; x_wconf 91' lang='lat' dir='ltr'>rum</span> <span class='ocrx_word' id='word_1_321' title='bbox 244 3610 386 3678; x_wconf 85' lang='lat' dir='ltr'>latronum,</span> <span class='ocrx_word' id='word_1_322' title='bbox 417 3610 463 3678; x_wconf 86' lang='lat' dir='ltr'>qui</span> <span class='ocrx_word' id='word_1_323' title='bbox 480 3626 606 3662; x_wconf 89' lang='lat' dir='ltr'>unacum</span> <span class='ocrx_word' id='word_1_324' title='bbox 626 3610 735 3662; x_wconf 84' lang='lat' dir='ltr'>Christo</span> <span class='ocrx_word' id='word_1_325' title='bbox 753 3608 966 3672; x_wconf 77' lang='lat' dir='ltr'>crucifixisunt3</span> <span class='ocrx_word' id='word_1_326' title='bbox 995 3615 1024 3662; x_wconf 85' lang='lat' dir='ltr'>et</span> <span class='ocrx_word' id='word_1_327' title='bbox 1041 3611 1164 3663; x_wconf 83' lang='lat' dir='ltr'>urceolus</span> <span class='ocrx_word' id='word_1_328' title='bbox 1182 3610 1284 3663; x_wconf 87' lang='lat' dir='ltr'>vitreus</span> 
     </span>
     <span class='ocr_line' id='line_1_37' title="bbox 169 3678 1284 3750; baseline -0.002 -16"><span class='ocrx_word' id='word_1_329' title='bbox 169 3679 312 3749; x_wconf 83' lang='lat' dir='ltr'>unguenti,</span> <span class='ocrx_word' id='word_1_330' title='bbox 337 3697 389 3749; x_wconf 89' lang='lat' dir='ltr'>quo</span> <span class='ocrx_word' id='word_1_331' title='bbox 406 3679 529 3734; x_wconf 74' lang='lat' dir='ltr'>Christus</span> <span class='ocrx_word' id='word_1_332' title='bbox 544 3679 666 3732; x_wconf 86' lang='lat' dir='ltr'>inunctus</span> <span class='ocrx_word' id='word_1_333' title='bbox 681 3679 745 3746; x_wconf 83' lang='lat' dir='ltr'>luit,</span> <span class='ocrx_word' id='word_1_334' title='bbox 773 3687 801 3730; x_wconf 90' lang='lat' dir='ltr'>et</span> <span class='ocrx_word' id='word_1_335' title='bbox 818 3679 899 3732; x_wconf 84' lang='lat' dir='ltr'>multa</span> <span class='ocrx_word' id='word_1_336' title='bbox 916 3679 968 3731; x_wconf 89' lang='lat' dir='ltr'>alia</span> <span class='ocrx_word' id='word_1_337' title='bbox 986 3678 1152 3747; x_wconf 85' lang='lat' dir='ltr'>admiranda,</span> <span class='ocrx_word' id='word_1_338' title='bbox 1181 3696 1250 3750; x_wconf 88' lang='lat' dir='ltr'>qnae</span> <span class='ocrx_word' id='word_1_339' title='bbox 1267 3697 1284 3732; x_wconf 86' lang='lat' dir='ltr'>a</span> 
     </span>
     <span class='ocr_line' id='line_1_38' title="bbox 169 3747 1284 3818; baseline -0.003 -15"><span class='ocrx_word' id='word_1_340' title='bbox 169 3750 345 3803; x_wconf 84' lang='lat' dir='ltr'>Constantino</span> <span class='ocrx_word' id='word_1_341' title='bbox 363 3766 455 3818; x_wconf 81' lang='lat' dir='ltr'>magno</span> <span class='ocrx_word' id='word_1_342' title='bbox 472 3749 510 3801; x_wconf 91' lang='lat' dir='ltr'>ibi</span> <span class='ocrx_word' id='word_1_343' title='bbox 527 3750 656 3802; x_wconf 83' lang='lat' dir='ltr'>collocata</span> <span class='ocrx_word' id='word_1_344' title='bbox 672 3747 836 3802; x_wconf 81' lang='lat' dir='ltr'>Theodosius</span> <span class='ocrx_word' id='word_1_345' title='bbox 858 3765 983 3816; x_wconf 85' lang='lat' dir='ltr'>magnus,</span> <span class='ocrx_word' id='word_1_346' title='bbox 1011 3765 1064 3817; x_wconf 86' lang='lat' dir='ltr'>quc</span> <span class='ocrx_word' id='word_1_347' title='bbox 1088 3750 1171 3802; x_wconf 84' lang='lat' dir='ltr'>tutius</span> <span class='ocrx_word' id='word_1_348' title='bbox 1197 3766 1284 3802; x_wconf 85' lang='lat' dir='ltr'>asser-</span> 
     </span>
     <span class='ocr_line' id='line_1_39' title="bbox 168 3818 524 3883; baseline -0.011 -10"><span class='ocrx_word' id='word_1_349' title='bbox 168 3827 311 3883; x_wconf 79' lang='lat' dir='ltr'>varentur,</span> <span class='ocrx_word' id='word_1_350' title='bbox 327 3818 388 3871; x_wconf 91' lang='lat' dir='ltr'>inde</span> <span class='ocrx_word' id='word_1_351' title='bbox 407 3819 524 3872; x_wconf 88' lang='lat' dir='ltr'>abstulit.</span> 
     </span>
    </p>

    <p class='ocr_par' dir='ltr' id='par_1_10' title="bbox 167 3884 1285 4308">
     <span class='ocr_line' id='line_1_40' title="bbox 276 3884 1285 3956; baseline -0.001 -17"><span class='ocrx_word' id='word_1_352' title='bbox 276 3888 351 3941; x_wconf 87' lang='lat' dir='ltr'>Ultra</span> <span class='ocrx_word' id='word_1_353' title='bbox 368 3888 397 3939; x_wconf 89' lang='lat' dir='ltr'>S.</span> <span class='ocrx_word' id='word_1_354' title='bbox 410 3888 566 3940; x_wconf 86' lang='lat' dir='ltr'>Manantem</span> <span class='ocrx_word' id='word_1_355' title='bbox 585 3892 642 3940; x_wconf 86' lang='lat' dir='ltr'>erat</span> <span class='ocrx_word' id='word_1_356' title='bbox 659 3903 726 3956; x_wconf 89' lang='lat' dir='ltr'>pons</span> <span class='ocrx_word' id='word_1_357' title='bbox 744 3884 923 3954; x_wconf 86' lang='lat' dir='ltr'>magnitudine</span> <span class='ocrx_word' id='word_1_358' title='bbox 941 3885 1056 3955; x_wconf 85' lang='lat' dir='ltr'>aequalis</span> <span class='ocrx_word' id='word_1_359' title='bbox 1074 3885 1285 3939; x_wconf 78' lang='lat' dir='ltr'>chalcedonensi</span> 
     </span>
     <span class='ocr_line' id='line_1_41' title="bbox 169 3955 1285 4024; baseline -0.003 -14"><span class='ocrx_word' id='word_1_360' title='bbox 169 3957 302 4010; x_wconf 91' lang='lat' dir='ltr'>duodecim</span> <span class='ocrx_word' id='word_1_361' title='bbox 320 3957 464 4011; x_wconf 81' lang='lat' dir='ltr'>fornicibus</span> <span class='ocrx_word' id='word_1_362' title='bbox 482 3963 619 4021; x_wconf 86' lang='lat' dir='ltr'>constans,</span> <span class='ocrx_word' id='word_1_363' title='bbox 650 3956 721 4009; x_wconf 85' lang='lat' dir='ltr'>infra</span> <span class='ocrx_word' id='word_1_364' title='bbox 743 3973 819 4024; x_wconf 91' lang='lat' dir='ltr'>quem</span> <span class='ocrx_word' id='word_1_365' title='bbox 837 3972 945 4024; x_wconf 83' lang='lat' dir='ltr'>magnus</span> <span class='ocrx_word' id='word_1_366' title='bbox 963 3957 1061 4010; x_wconf 84' lang='lat' dir='ltr'>fluvius</span> <span class='ocrx_word' id='word_1_367' title='bbox 1080 3955 1228 4022; x_wconf 78' lang='lat' dir='ltr'>transibat,</span> <span class='ocrx_word' id='word_1_368' title='bbox 1255 3956 1285 4007; x_wconf 90' lang='lat' dir='ltr'>in</span> 
     </span>
     <span class='ocr_line' id='line_1_42' title="bbox 167 4025 1284 4096; baseline -0.001 -17"><span class='ocrx_word' id='word_1_369' title='bbox 167 4029 258 4096; x_wconf 87' lang='lat' dir='ltr'>primis</span> <span class='ocrx_word' id='word_1_370' title='bbox 280 4044 368 4080; x_wconf 86' lang='lat' dir='ltr'>mense</span> <span class='ocrx_word' id='word_1_371' title='bbox 386 4025 545 4079; x_wconf 78' lang='lat' dir='ltr'>Februario.</span> <span class='ocrx_word' id='word_1_372' title='bbox 580 4025 677 4078; x_wconf 87' lang='lat' dir='ltr'>ibidem</span> <span class='ocrx_word' id='word_1_373' title='bbox 695 4027 783 4078; x_wconf 87' lang='lat' dir='ltr'>stabat</span> <span class='ocrx_word' id='word_1_374' title='bbox 800 4025 879 4077; x_wconf 85' lang='lat' dir='ltr'>draco</span> <span class='ocrx_word' id='word_1_375' title='bbox 898 4042 1008 4091; x_wconf 87' lang='lat' dir='ltr'>aereus,</span> <span class='ocrx_word' id='word_1_376' title='bbox 1041 4033 1069 4078; x_wconf 89' lang='lat' dir='ltr'>et</span> <span class='ocrx_word' id='word_1_377' title='bbox 1088 4025 1284 4094; x_wconf 83' lang='lat' dir='ltr'>quodquidam</span> 
     </span>
     <span class='ocr_line' id='line_1_43' title="bbox 168 4094 1285 4167; baseline 0.002 -21"><span class='ocrx_word' id='word_1_378' title='bbox 168 4097 308 4150; x_wconf 85' lang='lat' dir='ltr'>draconem</span> <span class='ocrx_word' id='word_1_379' title='bbox 319 4097 347 4150; x_wconf 95' lang='lat' dir='ltr'>in</span> <span class='ocrx_word' id='word_1_380' title='bbox 363 4097 509 4167; x_wconf 85' lang='lat' dir='ltr'>istoponte</span> <span class='ocrx_word' id='word_1_381' title='bbox 527 4095 647 4150; x_wconf 86' lang='lat' dir='ltr'>habitare</span> <span class='ocrx_word' id='word_1_382' title='bbox 665 4095 809 4160; x_wconf 87' lang='lat' dir='ltr'>crederent,</span> <span class='ocrx_word' id='word_1_383' title='bbox 827 4094 924 4148; x_wconf 90' lang='lat' dir='ltr'>multae</span> <span class='ocrx_word' id='word_1_384' title='bbox 942 4096 1061 4164; x_wconf 81' lang='lat' dir='ltr'>virginea</span> <span class='ocrx_word' id='word_1_385' title='bbox 1078 4095 1116 4147; x_wconf 94' lang='lat' dir='ltr'>ibi</span> <span class='ocrx_word' id='word_1_386' title='bbox 1134 4094 1285 4148; x_wconf 85' lang='lat' dir='ltr'>immolatae</span> 
     </span>
     <span class='ocr_line' id='line_1_44' title="bbox 170 4163 1285 4238; baseline 0.001 -23"><span class='ocrx_word' id='word_1_387' title='bbox 170 4173 242 4234; x_wconf 86' lang='lat' dir='ltr'>sunt,</span> <span class='ocrx_word' id='word_1_388' title='bbox 269 4177 296 4220; x_wconf 91' lang='lat' dir='ltr'>et</span> <span class='ocrx_word' id='word_1_389' title='bbox 313 4183 406 4238; x_wconf 82' lang='lat' dir='ltr'>magna</span> <span class='ocrx_word' id='word_1_390' title='bbox 424 4183 454 4219; x_wconf 91' lang='lat' dir='ltr'>co</span> <span class='ocrx_word' id='word_1_391' title='bbox 474 4166 499 4216; x_wconf 86' lang='lat' dir='ltr'>ia</span> <span class='ocrx_word' id='word_1_392' title='bbox 518 4165 603 4217; x_wconf 90' lang='lat' dir='ltr'>ovium</span> <span class='ocrx_word' id='word_1_393' title='bbox 621 4165 718 4218; x_wconf 87' lang='lat' dir='ltr'>bovum</span> <span class='ocrx_word' id='word_1_394' title='bbox 742 4175 769 4217; x_wconf 90' lang='lat' dir='ltr'>et</span> <span class='ocrx_word' id='word_1_395' title='bbox 794 4163 948 4216; x_wconf 86' lang='lat' dir='ltr'>volucrium.</span> <span class='ocrx_word' id='word_1_396' title='bbox 983 4181 1043 4218; x_wconf 85' lang='lat' dir='ltr'>nam</span> <span class='ocrx_word' id='word_1_397' title='bbox 1061 4164 1167 4232; x_wconf 88' lang='lat' dir='ltr'>quidam</span> <span class='ocrx_word' id='word_1_398' title='bbox 1185 4164 1285 4218; x_wconf 88' lang='lat' dir='ltr'>Basili-</span> 
     </span>
     <span class='ocr_line' id='line_1_45' title="bbox 170 4232 1284 4308; baseline 0.002 -25"><span class='ocrx_word' id='word_1_399' title='bbox 170 4249 239 4301; x_wconf 80' lang='lat' dir='ltr'>scus,</span> <span class='ocrx_word' id='word_1_400' title='bbox 258 4237 303 4305; x_wconf 85' lang='lat' dir='ltr'>qui</span> <span class='ocrx_word' id='word_1_401' title='bbox 322 4255 337 4291; x_wconf 86' lang='lat' dir='ltr'>a</span> <span class='ocrx_word' id='word_1_402' title='bbox 353 4241 430 4308; x_wconf 85' lang='lat' dir='ltr'>parte</span> <span class='ocrx_word' id='word_1_403' title='bbox 471 4233 596 4290; x_wconf 87' lang='lat' dir='ltr'>umeriani</span> <span class='ocrx_word' id='word_1_404' title='bbox 614 4233 738 4288; x_wconf 80' lang='lat' dir='ltr'>Caesaris</span> <span class='ocrx_word' id='word_1_405' title='bbox 756 4233 842 4300; x_wconf 83' lang='lat' dir='ltr'>stetit,</span> <span class='ocrx_word' id='word_1_406' title='bbox 859 4232 910 4286; x_wconf 88' lang='lat' dir='ltr'>loci</span> <span class='ocrx_word' id='word_1_407' title='bbox 928 4249 1016 4287; x_wconf 87' lang='lat' dir='ltr'>amore</span> <span class='ocrx_word' id='word_1_408' title='bbox 1034 4241 1127 4304; x_wconf 85' lang='lat' dir='ltr'>captus</span> <span class='ocrx_word' id='word_1_409' title='bbox 1145 4234 1227 4288; x_wconf 86' lang='lat' dir='ltr'>aedes</span> <span class='ocrx_word' id='word_1_410' title='bbox 1245 4233 1284 4286; x_wconf 93' lang='lat' dir='ltr'>ibi</span> 
     </span>
    </p>
   </div>
   <div class='ocr_carea' id='block_1_7' title="bbox 0 0 1414 4628">
    <p class='ocr_par' dir='ltr' id='par_1_11' title="bbox 0 0 1414 4628">
     <span class='ocr_line' id='line_1_46' title="bbox 0 0 1414 4628; baseline 0 0"><span class='ocrx_word' id='word_1_411' title='bbox 0 0 1414 4628; x_wconf 95' lang='lat' dir='ltr'> </span> 
     </span>
    </p>
   </div>
  </div>
 </body>
</html>
