2808 4616
183 220 361 289 INCERTI
374 219 495 287 AUCT.
509 215 678 284 BREVES
692 213 898 283 ENARRAT.
913 215 1161 287 CHRONOGR.
1185 219 1256 294 167

151 407 338 485 Φιλιππικάς
359 408 390 472 ἐν
415 407 500 494 αὐτῷ
520 412 564 495 τῷ
587 401 670 494 τόπῳ
693 409 748 488 τῆς
769 401 970 493 χρυσοφόρου
995 411 1157 494 βασιλικῆς
1180 409 1256 478 άπε-

150 510 343 596 ιλοκιμάσθη,
383 512 512 598 Τερβελὶ
543 515 598 576 τοῦ
630 509 824 596 Βουληαρίας
855 511 951 574 ἐκεῖσε
983 508 1130 590 πολλάκις
1160 516 1254 580 καθί-

149 641 274 697 σαντος,
301 617 351 680 καί
376 617 407 678 Γ
405 611 556 701 λιαβάρου
581 611 741 700 Χαζάρου.
793 608 895 678 πάντα
913 604 966 678 οὖν
982 613 1038 679 οὐκ
1054 615 1141 702 ὀλίγα
1160 618 1254 685 ἐκεῖσε

148 717 319 804 ἐδόθησαν,
346 717 424 784 ἔνθα
447 719 544 784 αὐτοῦ
566 723 623 782 τοῦ
639 714 786 806 τυράννου
804 719 854 782 καὶ
870 721 925 801 τῆς
940 720 1081 802 γυναικὸς
1098 720 1138 787 τά
1155 718 1253 809 ἀγάλ,-

122 833 239 906 5ματα.
290 825 322 888 ἐν
347 819 394 900 οἷς
416 824 527 910 ἐλέφας
545 822 669 887 ίσταται
692 821 909 906 παμμεγέθης,
935 819 977 898 ὥς
1001 824 1031 888 οἳ
1051 826 1290 912 θηριοδέκταιλλ

145 925 218 1011 ἡμίν
250 927 438 1009 ἐβεβαίωσαν
469 926 514 1010 μη
546 926 689 1011 γενέσθαι
719 923 820 990 ἐπάνω
852 925 948 992 αὐτοῦ
972 925 1008 991 τὸ
1034 927 1165 1013 μέγεθος
1190 934 1252 996 τῶν

144 1026 333 1117 ἐλεφάντων,
360 1036 421 1096 τῶν
447 1030 480 1094 δέ
501 1027 641 1114 μεγάλων
667 1030 722 1106 ἕως
746 1026 854 1106 οὕτως.
904 1020 993 1106 οὗτος
1016 1027 1033 1094 ὃ
1057 1032 1167 1120 ἐλέφας
1189 1030 1250 1098 ὑπὸ

145 1131 286 1219 Σεβήρου
317 1139 372 1198 aori
403 1129 512 1219 Κάρου
539 1131 684 1216 Ἕλληνος
715 1130 861 1217 ἐτυπάθη
888 1131 993 1215 θέαμά
1023 1158 1054 1198 τι
1083 1134 1163 1200 κατά
1194 1136 1250 1221 τὴν

143 1235 324 1324 παράδοσιν.
376 1236 407 1300 ἐν
428 1236 488 1322 γάρ
511 1241 551 1322 τῇ
575 1235 654 1323 αὐτῇ
666 1233 853 1323 χρυσορόφφ
869 1241 1014 1322 βασιλικῇ
1029 1236 1082 1302 τὸν
1098 1238 1249 1326 ἐλέφαντα

101 1350 137 1406 10
144 1340 328 1428 παραμένειν
352 1341 393 1416 είς
414 1340 521 1422 θέαμα
543 1339 690 1414 ἐξαίσιον·
717 1335 789 1422 ὅρον
805 1339 864 1424 γάρ
882 1335 957 1402 εἶναι
973 1339 1050 1425 πρὸς
1066 1347 1122 1406 τοῦ
1137 1343 1250 1430 μέρους

142 1451 204 1510 τῶν
229 1444 422 1526 ἀναβαθμῶν
445 1449 506 1508 τῶν
531 1439 579 1524 οβ’
603 1440 719 1528 ἔλεγον,
745 1439 823 1505 ένθα
846 1442 897 1504 καὶ
919 1441 1013 1524 σχολὴ
1037 1441 1249 1528 φυλαττόντων

143 1544 241 1612 πάλιν.
293 1547 324 1610 ἐν
357 1545 442 1634 αὐτῷ
474 1547 510 1612 (λέ
538 1570 615 1634 φασι
639 1545 692 1611 τὸν
717 1543 866 1632 ἐλέφαντα
889 1544 1072 1630 παραμένειν
1098 1551 1143 1636 τῷ
1165 1544 1249 1636 τόπῳ

143 1651 243 1739 ἐκείνῳ
269 1648 452 1738 Καρκινήλῳ
476 1647 677 1738 άρηυροκόπῳ
703 1650 734 1714 ἐν
758 1653 904 1724 πλαστοῖς
928 1650 1026 1734 ζυηοῖς
1053 1647 1109 1733 τὴν
1136 1657 1247 1738 πρᾶσιν

141 1754 329 1842 ποιουμένῳ·
355 1752 433 1820 ὥστε
449 1761 493 1842 τῷ
511 1753 704 1841 διατρέφοντι
721 1751 774 1818 τὸν
791 1751 957 1840 ἐλέφαντα,
976 1753 1087 1838 φασίν,
1105 1751 1246 1835 άπειλεΐν,
1263 1766 1285 1820 Ρ
1300 1764 1335 1822 91

100 1855 191 1923 15812
208 1861 259 1922 καὶ
277 1859 436 1943 ἐπορθεῖτο
455 1853 563 1922 τοάτου
581 1856 616 1922 τὸ
636 1857 764 1940 οἰκημα·
790 1857 842 1920 καὶ
858 1852 1004 1932 πολλάκις
1021 1857 1247 1939 διαβεβαιωσα-

140 1961 234 2044 μένου
252 1958 389 2026 θάνατον
405 1965 450 2047 τῷ
466 1955 685 2048 θηριοτράφῳ,
713 1962 738 2024 εἰ
753 1958 797 2042 μὴ
815 1965 922 2023 τοῦτον
940 1955 1128 2044 κρατήσειεν·
1156 1961 1247 2039 αὐτὸς

143 2065 177 2128 da*
195 2062 248 2128 διὰ
264 2063 320 2139 τάς
335 2061 472 2146 βαηάλας
489 2059 690 2150 ἐλαιοφόρους
705 2067 856 2150 κρατῆσαι
873 2059 928 2126 οὐκ
945 2062 1088 2127 ἐνειλίιλου.
1140 2060 1175 2129 ὃν
1197 2067 1248 2129 καὶ

143 2164 294 2253 φονεάσας
311 2161 327 2229 ὃ
345 2165 437 2242 αὐτὸς
454 2164 661 2251 ζυηοπλάστης
676 2169 721 2256 τρῖ
736 2165 876 2252 ἐλέφαντι
893 2167 935 2240 είς
950 2170 1068 2252 βρῶσιν
1082 2165 1247 2252 προέθηκε.

141 2275 196 2334 τοῦ
223 2271 257 2334 δὲ
280 2271 394 2357 θηρίου
413 2267 586 2335 άτιθάσσου
604 2267 706 2346 άντος,
731 2271 783 2333 καὶ
801 2267 893 2333 αὐτὸν
910 2265 1105 2351 ἐξηνάλοισεν.
1157 2267 1176 2334 ὃ
1194 2273 1246 2336 καὶ

97 2376 280 2460 λθΣεβῆρος
301 2371 435 2450 άκοάσας
451 2373 565 2448 θυσίας
581 2377 625 2460 τῷ
641 2372 743 2460 θηρίῳ
761 2369 817 2436 οὐκ
834 2369 937 2457 ὀλίγας
953 2368 1162 2460 προσήνεγκεν.
1213 2373 1246 2438 ἓν

141 2475 225 2566 αὐτῷ
240 2477 301 2565 γάρ
317 2483 360 2564 τῷ
378 2474 462 2566 τόπερ
479 2475 621 2564 παρευθιλ
638 2477 689 2541 καὶ
706 2472 968 2559 άπετυπάθησαν·
993 2474 1071 2541 ἔνθα
1083 2472 1243 2564 καλἮρα-
1261 2488 1284 2543 Β

140 2586 215 2664 κλῆς
232 2577 401 2666 ἐλατρεάθη
410 2629 420 2660 ,
443 2579 627 2662 παμπόλλας
643 2580 756 2656 θυσίας
773 2576 936 2663 δεξάμενος
940 2628 950 2660 ,
968 2582 1019 2644 καὶ
1036 2581 1067 2646 ἐν
1083 2585 1128 2670 τῷ
1139 2576 1245 2646 Ἰππο-

142 2685 259 2770 δρομίην
282 2684 430 2766 μετετέθη
457 2685 499 2758 εἲς
522 2680 627 2764 θέαμά
651 2709 681 2747 τι
704 2683 854 2768 μέγιστον.
903 2683 938 2748 τὸ
963 2683 997 2747 δὲ
1019 2679 1167 2772 πρότερον
1183 2681 1244 2748 άπὸ

211 2845 247 2898 10
261 2839 332 2909 πρὸς
347 2843 413 2912 τοῦ]
430 2838 543 2910 πράσου
559 2841 615 2897 alii.

140 2999 224 3050 mare,
243 2981 348 3052 quando
365 2987 392 3034 et
407 2979 568 3049 Philippicas
584 2981 674 3034 eodem
689 2981 748 3052 ipso
765 2981 794 3034 in
811 2983 867 3034 loco
884 2979 1013 3034 Basilicas
1028 2995 1091 3032 auro
1105 2978 1243 3048 laqueatae

140 3055 284 3121 abrogatus
300 3057 356 3115 est3
384 3049 429 3102 ubi
445 3051 596 3120 plerumque
613 3052 735 3105 Terbelis
753 3052 882 3121 Bulgarus
901 3057 929 3103 et
945 3049 1087 3102 Gliabarus
1106 3047 1241 3101 Charmae

140 3124 274 3176 sederumt.
308 3121 347 3173 ibi
369 3137 421 3172 non
445 3137 546 3190 paucae
569 3129 662 3188 pactae
684 3121 813 3190 pecuniae
834 3121 913 3174 datae
929 3125 1007 3187 sunt,
1034 3135 1086 3188 quo
1102 3117 1160 3170 loeo
1177 3118 1241 3170 item

138 3193 248 3260 tyranni
276 3196 304 3242 et
331 3189 421 3242 uxoris
447 3190 502 3241 eins
525 3195 629 3242 statuae
653 3196 724 3243 sunt.
759 3191 828 3242 inter
851 3207 918 3258 quas
942 3196 997 3242 stat
1018 3187 1125 3258 elephas
1149 3192 1241 3240 tantae

138 3259 342 3330 magnitudinis,
369 3267 399 3311 ut
423 3259 599 3312 asserentibus
620 3259 764 3313 belluarum
784 3259 935 3311 custodibus
955 3260 1040 3311 nullus
1056 3257 1156 3310 maiore
1172 3255 1240 3308 mole

139 3331 245 3400 elephas
268 3329 428 3398 reperiatur.
465 3328 571 3398 elephas
595 3335 682 3381 autem
703 3329 747 3381 ille
769 3329 905 3382 aSevero
923 3329 993 3380 Caro
1012 3329 1116 3379 Graeco
1133 3325 1239 3378 effictus

139 3408 181 3454 est
205 3401 237 3452 ad
261 3399 452 3467 spectaculum,
477 3406 507 3450 ut
532 3398 612 3451 aiunt.
646 3397 675 3449 in
700 3398 746 3450 illa
771 3398 869 3468 quippe
892 3397 1008 3450 Basilica
1030 3413 1093 3448 auro
1115 3396 1240 3464 laqueata

139 3475 268 3523 statutum
294 3470 383 3520 fuerat
410 3473 441 3520 ut
467 3468 572 3536 elephas
598 3467 756 3520 consisteret
782 3468 815 3519 ad
841 3472 969 3520 ostentum
996 3465 1238 3534 singularissimum.

138 3540 228 3592 collem
253 3537 322 3590 enim
344 3553 403 3589 esse
426 3539 533 3590 aiebant
551 3541 613 3588 ante
631 3543 732 3606 partem
749 3538 875 3604 graduum
892 3537 1026 3606 octoginta
1043 3536 1166 3601 duorum,
1194 3533 1240 3587 ubi

138 3615 167 3662 et
184 3609 274 3661 schola
290 3607 425 3660 custodum
441 3608 514 3660 urbis
532 3607 691 3659 excubabat.
724 3607 780 3675 ibi,
796 3612 826 3658 ut
840 3612 975 3672 narratur,
994 3603 1132 3658 Carcinelo
1145 3621 1241 3674 argen-

137 3679 221 3745 tario,
248 3676 344 3746 iniquis
361 3677 480 3729 lancibus
499 3676 636 3743 vendenti,
664 3675 770 3746 elephas
787 3676 931 3728 molestiam
948 3677 1069 3744 creabat,
1092 3675 1132 3727 ita
1149 3681 1179 3728 ut
1195 3674 1239 3725 ille

137 3747 308 3817 gubernatori
330 3747 465 3814 elephanti
487 3748 639 3818 plerumque
663 3745 847 3798 interminatus
871 3745 922 3812 sit,
947 3745 1044 3798 additis
1067 3745 1147 3797 etiam
1167 3742 1239 3795 necis

33 3847 36 3854 ·
136 3818 290 3870 inferendae
313 3817 389 3868 minis
414 3816 467 3868 nisi
491 3815 672 3884 elephantum,
700 3815 745 3884 qui
764 3815 814 3867 sibi
833 3816 967 3867 tabernam
986 3815 1140 3880 evertebat,
1166 3811 1241 3864 cohi-

132 3888 224 3943 beret.
257 3887 302 3938 ille
318 3903 383 3939 vero
401 3885 471 3954 quod
486 3887 568 3938 oleum
580 3885 751 3950 conveheret,
771 3885 909 3954 elephanto
920 3885 1049 3954 imperare
1061 3900 1112 3935 non
1123 3884 1237 3952 poterat.

139 3971 215 4024 quem
231 3955 337 4008 tandem
354 3956 468 4008 occisum
483 3956 590 4024 iniquus
604 3954 770 4024 argentarius
781 3955 919 4024 elephanto
931 3953 1109 4008 devorandum
1120 3948 1237 4020 apponit.

138 4025 226 4078 bestia
242 4041 307 4077 vero
324 4027 438 4078 nondum
455 4027 573 4078 cicurata
589 4025 660 4078 illum
678 4041 781 4094 quoque
798 4023 939 4076 interemit.
976 4041 1027 4094 quc
1045 4022 1135 4074 audito
1153 4021 1239 4073 Sere-

137 4111 184 4148 rus
202 4093 301 4146 hostias
316 4096 421 4148 bestiae
438 4113 491 4147 non
507 4112 607 4165 paucas
626 4094 737 4154 obtulit;
755 4097 834 4161 atque
852 4111 883 4146 eo
898 4093 955 4164 ipso
972 4094 1031 4145 loco
1048 4091 1166 4143 confecta
1183 4093 1239 4142 sta-

137 4173 185 4218 tua
210 4162 276 4229 fuit,
300 4164 345 4218 ubi
368 4165 450 4218 etiam
474 4164 601 4220 Hercules
625 4165 713 4218 multis
730 4163 822 4216 hostiis
841 4168 869 4216 et
886 4162 1023 4216 sacrificiis
1039 4159 1123 4211 cultus
1140 4161 1238 4214 iuerat.

136 4239 222 4306 utque
238 4232 318 4287 multo
335 4234 416 4304 magis
435 4237 585 4305 spectaculo
603 4241 689 4305 esset,
707 4235 734 4288 in
751 4232 958 4306 Hippodromum
972 4231 1091 4284 invectus
1108 4234 1165 4298 est,
1183 4248 1238 4298 euru
