<?xml version="1.0" encoding="UTF-8"?>
<!DOCTYPE html PUBLIC "-//W3C//DTD XHTML 1.0 Transitional//EN"
    "http://www.w3.org/TR/xhtml1/DTD/xhtml1-transitional.dtd">
<html xmlns="http://www.w3.org/1999/xhtml" xml:lang="en" lang="en">
 <head>
  <title>
</title>
<meta http-equiv="Content-Type" content="text/html;charset=utf-8" />
  <meta name='ocr-system' content='tesseract 3.04.00' />
  <meta name='ocr-capabilities' content='ocr_page ocr_carea ocr_par ocr_line ocrx_word'/>
</head>
<body>
  <div class='ocr_page' id='page_1' title='image "./excerptadeantiq00codigoog_0276.png"; bbox 0 0 2814 4608; ppageno 0'>
   <div class='ocr_carea' id='block_1_1' title="bbox 462 213 1250 322">
    <p class='ocr_par' dir='ltr' id='par_1_1' title="bbox 462 213 1250 322">
     <span class='ocr_line' id='line_1_1' title="bbox 462 213 1250 322; baseline 0.005 -4"><span class='ocrx_word' id='word_1_1' title='bbox 462 249 519 318; x_wconf 81' lang='lat' dir='ltr'><strong>so</strong></span> <span class='ocrx_word' id='word_1_2' title='bbox 546 213 746 316; x_wconf 77' lang='lat' dir='ltr'><strong>conruunt</strong></span> <span class='ocrx_word' id='word_1_3' title='bbox 769 246 926 316; x_wconf 76' lang='lat' dir='ltr'><strong>uorsa.</strong></span> <span class='ocrx_word' id='word_1_4' title='bbox 1106 225 1107 230; x_wconf 67' lang='lat'><em>&#39;</em></span> <span class='ocrx_word' id='word_1_5' title='bbox 1174 249 1250 322; x_wconf 79' lang='lat' dir='ltr'><strong>aso</strong></span> 
     </span>
    </p>
   </div>
   <div class='ocr_carea' id='block_1_2' title="bbox 141 424 1250 578">
    <p class='ocr_par' dir='ltr' id='par_1_2' title="bbox 141 424 1250 578">
     <span class='ocr_line' id='line_1_2' title="bbox 141 424 1250 510; baseline 0.006 -23"><span class='ocrx_word' id='word_1_6' title='bbox 141 427 210 510; x_wconf 90' lang='lat' dir='ltr'><strong>quis</strong></span> <span class='ocrx_word' id='word_1_7' title='bbox 232 447 326 510; x_wconf 78' lang='lat' dir='ltr'><strong>quarn</strong></span> <span class='ocrx_word' id='word_1_8' title='bbox 346 429 562 492; x_wconf 84' lang='lat' dir='ltr'><strong>recentioribus</strong></span> <span class='ocrx_word' id='word_1_9' title='bbox 581 426 733 489; x_wconf 68' lang='lat' dir='ltr'><strong>historicis</strong></span> <span class='ocrx_word' id='word_1_10' title='bbox 756 424 817 489; x_wconf 87' lang='lat' dir='ltr'><strong>duo</strong></span> <span class='ocrx_word' id='word_1_11' title='bbox 836 428 885 488; x_wconf 89' lang='lat' dir='ltr'><strong>iili</strong></span> <span class='ocrx_word' id='word_1_12' title='bbox 904 427 1030 508; x_wconf 80' lang='lat' dir='ltr'><strong>Aspsris</strong></span> <span class='ocrx_word' id='word_1_13' title='bbox 1049 427 1106 490; x_wconf 85' lang='lat' dir='ltr'><strong>filii</strong></span> <span class='ocrx_word' id='word_1_14' title='bbox 1121 431 1200 493; x_wconf 86' lang='lat' dir='ltr'><strong>inter</strong></span> <span class='ocrx_word' id='word_1_15' title='bbox 1216 455 1250 496; x_wconf 86' lang='lat' dir='ltr'><strong>ss</strong></span> 
     </span>
     <span class='ocr_line' id='line_1_3' title="bbox 142 515 523 578; baseline 0.008 -6"><span class='ocrx_word' id='word_1_16' title='bbox 142 515 377 578; x_wconf 84' lang='lat' dir='ltr'><strong>confunduntur.</strong></span> <span class='ocrx_word' id='word_1_17' title='bbox 419 519 523 575; x_wconf 70' lang='lat' dir='ltr'><strong>Laus.</strong></span> 
     </span>
    </p>
   </div>
   <div class='ocr_carea' id='block_1_3' title="bbox 138 613 1250 2238">
    <p class='ocr_par' dir='ltr' id='par_1_3' title="bbox 138 613 1250 2238">
     <span class='ocr_line' id='line_1_4' title="bbox 226 613 1248 700; baseline 0.006 -16"><span class='ocrx_word' id='word_1_18' title='bbox 226 640 257 700; x_wconf 86' lang='lat' dir='ltr'><strong>p.</strong></span> <span class='ocrx_word' id='word_1_19' title='bbox 280 624 320 685; x_wconf 84' lang='lat'><strong>68</strong></span> <span class='ocrx_word' id='word_1_20' title='bbox 342 637 370 682; x_wconf 77' lang='lat' dir='ltr'><strong>v.</strong></span> <span class='ocrx_word' id='word_1_21' title='bbox 398 623 444 683; x_wconf 83' lang='lat'><strong>17.</strong></span> <span class='ocrx_word' id='word_1_22' title='bbox 487 614 669 699; x_wconf 85' lang='grc' dir='ltr'><strong><em>Ἀφροδίτης</em></strong></span> <span class='ocrx_word' id='word_1_23' title='bbox 688 613 847 698; x_wconf 73' lang='grc' dir='ltr'><strong><em>παρθένου</em></strong></span> <span class='ocrx_word' id='word_1_24' title='bbox 869 615 974 700; x_wconf 75' lang='grc' dir='ltr'><strong><em>ἱεροῖς]</em></strong></span> <span class='ocrx_word' id='word_1_25' title='bbox 1002 620 1035 678; x_wconf 91' lang='lat' dir='ltr'><strong>in</strong></span> <span class='ocrx_word' id='word_1_26' title='bbox 1057 621 1158 686; x_wconf 85' lang='lat' dir='ltr'><strong>codice</strong></span> <span class='ocrx_word' id='word_1_27' title='bbox 1181 629 1248 690; x_wconf 85' lang='lat' dir='ltr'><strong>Vst.</strong></span> 
     </span>
     <span class='ocr_line' id='line_1_5' title="bbox 142 699 1250 789; baseline 0.002 -25"><span class='ocrx_word' id='word_1_28' title='bbox 142 707 287 786; x_wconf 89' lang='lat' dir='ltr'><strong>scriptum</strong></span> <span class='ocrx_word' id='word_1_29' title='bbox 314 707 417 764; x_wconf 85' lang='lat' dir='ltr'><strong>inveni</strong></span> <span class='ocrx_word' id='word_1_30' title='bbox 442 699 606 785; x_wconf 75' lang='grc' dir='ltr'><strong>Ἀφροδίτη</strong></span> <span class='ocrx_word' id='word_1_31' title='bbox 628 700 784 783; x_wconf 76' lang='grc' dir='ltr'><strong><em>παρθένος</em></strong></span> <span class='ocrx_word' id='word_1_32' title='bbox 806 700 915 781; x_wconf 77' lang='grc' dir='ltr'><strong><em>ίὲραος.</em></strong></span> <span class='ocrx_word' id='word_1_33' title='bbox 958 706 986 762; x_wconf 85' lang='lat' dir='ltr'><strong>si</strong></span> <span class='ocrx_word' id='word_1_34' title='bbox 1005 727 1060 786; x_wconf 91' lang='lat' dir='ltr'><strong>pro</strong></span> <span class='ocrx_word' id='word_1_35' title='bbox 1084 708 1182 789; x_wconf 79' lang='grc' dir='ltr'><strong><em>ίέραος</em></strong></span> <span class='ocrx_word' id='word_1_36' title='bbox 1202 713 1250 772; x_wconf 62' lang='lat' dir='ltr'><strong>lsa</strong></span> 
     </span>
     <span class='ocr_line' id='line_1_6' title="bbox 141 785 1250 876; baseline 0.001 -28"><span class='ocrx_word' id='word_1_37' title='bbox 141 803 263 868; x_wconf 80' lang='lat' dir='ltr'>geretur</span> <span class='ocrx_word' id='word_1_38' title='bbox 294 789 429 869; x_wconf 82' lang='grc' dir='ltr'><strong><em>ίὲρακος,</em></strong></span> <span class='ocrx_word' id='word_1_39' title='bbox 463 791 628 850; x_wconf 81' lang='lat' dir='ltr'><strong>verisimile</strong></span> <span class='ocrx_word' id='word_1_40' title='bbox 660 786 885 868; x_wconf 85' lang='lat' dir='ltr'><strong>quodammodo</strong></span> <span class='ocrx_word' id='word_1_41' title='bbox 917 799 997 848; x_wconf 80' lang='lat' dir='ltr'><strong>esset</strong></span> <span class='ocrx_word' id='word_1_42' title='bbox 1026 785 1186 876; x_wconf 64' lang='grc' dir='ltr'><strong><em>Ἀφροδίτη</em></strong></span> <span class='ocrx_word' id='word_1_43' title='bbox 1219 809 1250 857; x_wconf 75' lang='lat' dir='ltr'><strong>et</strong></span> 
     </span>
     <span class='ocr_line' id='line_1_7' title="bbox 142 871 1248 958; baseline 0.004 -20"><span class='ocrx_word' id='word_1_44' title='bbox 142 876 225 958; x_wconf 80' lang='grc' dir='ltr'><strong><em>ίίραξ</em></strong></span> <span class='ocrx_word' id='word_1_45' title='bbox 255 879 379 935; x_wconf 85' lang='lat' dir='ltr'><strong>nomina</strong></span> <span class='ocrx_word' id='word_1_46' title='bbox 408 895 473 934; x_wconf 89' lang='lat' dir='ltr'><strong>esse</strong></span> <span class='ocrx_word' id='word_1_47' title='bbox 502 878 685 948; x_wconf 82' lang='lat' dir='ltr'><strong>amantium,</strong></span> <span class='ocrx_word' id='word_1_48' title='bbox 717 875 770 953; x_wconf 92' lang='lat' dir='ltr'><strong>qui</strong></span> <span class='ocrx_word' id='word_1_49' title='bbox 791 871 897 932; x_wconf 82' lang='lat' dir='ltr'><strong>eodem</strong></span> <span class='ocrx_word' id='word_1_50' title='bbox 918 873 1032 936; x_wconf 88' lang='lat' dir='ltr'><strong>conditi</strong></span> <span class='ocrx_word' id='word_1_51' title='bbox 1052 895 1248 943; x_wconf 87' lang='lat' dir='ltr'><strong>monumento</strong></span> 
     </span>
     <span class='ocr_line' id='line_1_8' title="bbox 139 959 1248 1044; baseline 0.007 -25"><span class='ocrx_word' id='word_1_52' title='bbox 139 981 179 1019; x_wconf 93' lang='lat' dir='ltr'><strong>ne</strong></span> <span class='ocrx_word' id='word_1_53' title='bbox 207 973 304 1021; x_wconf 90' lang='lat' dir='ltr'><strong>morte</strong></span> <span class='ocrx_word' id='word_1_54' title='bbox 335 961 458 1044; x_wconf 88' lang='lat' dir='ltr'><strong>quidem</strong></span> <span class='ocrx_word' id='word_1_55' title='bbox 489 963 608 1039; x_wconf 86' lang='lat' dir='ltr'><strong>seiungi</strong></span> <span class='ocrx_word' id='word_1_56' title='bbox 634 960 804 1018; x_wconf 84' lang='lat' dir='ltr'><strong>voluerunt.</strong></span> <span class='ocrx_word' id='word_1_57' title='bbox 845 959 1023 1019; x_wconf 82' lang='lat' dir='ltr'><strong>vertendum</strong></span> <span class='ocrx_word' id='word_1_58' title='bbox 1046 965 1140 1042; x_wconf 83' lang='lat' dir='ltr'><strong>igitur</strong></span> <span class='ocrx_word' id='word_1_59' title='bbox 1161 980 1248 1043; x_wconf 85' lang='lat' dir='ltr'><strong>esset,</strong></span> 
     </span>
     <span class='ocr_line' id='line_1_9' title="bbox 138 1043 1250 1126; baseline 0.002 -22"><span class='ocrx_word' id='word_1_60' title='bbox 138 1046 312 1124; x_wconf 76' lang='lat' dir='ltr'><em>Aphrodite</em></span> <span class='ocrx_word' id='word_1_61' title='bbox 331 1051 417 1126; x_wconf 71' lang='lat' dir='ltr'><strong>virgo</strong></span> <span class='ocrx_word' id='word_1_62' title='bbox 437 1043 477 1104; x_wconf 86' lang='lat' dir='ltr'><strong>ab</strong></span> <span class='ocrx_word' id='word_1_63' title='bbox 497 1049 629 1104; x_wconf 82' lang='lat' dir='ltr'><strong>Hierace</strong></span> <span class='ocrx_word' id='word_1_64' title='bbox 649 1063 687 1101; x_wconf 85' lang='lat' dir='ltr'><strong>ne</strong></span> <span class='ocrx_word' id='word_1_65' title='bbox 705 1054 797 1101; x_wconf 82' lang='lat' dir='ltr'><strong>nsorte</strong></span> <span class='ocrx_word' id='word_1_66' title='bbox 818 1045 938 1123; x_wconf 83' lang='lat' dir='ltr'><strong>quidem</strong></span> <span class='ocrx_word' id='word_1_67' title='bbox 957 1067 1086 1123; x_wconf 82' lang='lat' dir='ltr'><strong>separor.</strong></span> <span class='ocrx_word' id='word_1_68' title='bbox 1133 1055 1250 1113; x_wconf 75' lang='lat' dir='ltr'><strong>Hierax</strong></span> 
     </span>
     <span class='ocr_line' id='line_1_10' title="bbox 139 1127 1247 1216; baseline 0.007 -26"><span class='ocrx_word' id='word_1_69' title='bbox 139 1143 174 1190; x_wconf 90' lang='lat' dir='ltr'><strong>nt</strong></span> <span class='ocrx_word' id='word_1_70' title='bbox 202 1153 316 1192; x_wconf 86' lang='lat' dir='ltr'><strong>nomen</strong></span> <span class='ocrx_word' id='word_1_71' title='bbox 344 1135 501 1214; x_wconf 90' lang='lat' dir='ltr'><strong>proprium</strong></span> <span class='ocrx_word' id='word_1_72' title='bbox 527 1131 607 1212; x_wconf 82' lang='lat' dir='ltr'><strong>apud</strong></span> <span class='ocrx_word' id='word_1_73' title='bbox 634 1127 762 1188; x_wconf 80' lang='lat' dir='ltr'><strong>Suidam</strong></span> <span class='ocrx_word' id='word_1_74' title='bbox 785 1139 815 1188; x_wconf 86' lang='lat' dir='ltr'><strong>et</strong></span> <span class='ocrx_word' id='word_1_75' title='bbox 836 1131 909 1189; x_wconf 85' lang='lat' dir='ltr'><strong>alios</strong></span> <span class='ocrx_word' id='word_1_76' title='bbox 931 1133 1088 1212; x_wconf 73' lang='lat' dir='ltr'><strong>scriptores</strong></span> <span class='ocrx_word' id='word_1_77' title='bbox 1110 1143 1247 1216; x_wconf 85' lang='lat' dir='ltr'><strong>occurrit,</strong></span> 
     </span>
     <span class='ocr_line' id='line_1_11' title="bbox 140 1212 1247 1298; baseline 0.002 -22"><span class='ocrx_word' id='word_1_78' title='bbox 140 1216 308 1297; x_wconf 86' lang='lat' dir='ltr'><strong>Aphrodite</strong></span> <span class='ocrx_word' id='word_1_79' title='bbox 331 1229 433 1277; x_wconf 84' lang='lat' dir='ltr'><strong>sutem</strong></span> <span class='ocrx_word' id='word_1_80' title='bbox 453 1219 487 1274; x_wconf 93' lang='lat' dir='ltr'><strong>in</strong></span> <span class='ocrx_word' id='word_1_81' title='bbox 510 1221 632 1298; x_wconf 87' lang='lat' dir='ltr'><strong>antiquo</strong></span> <span class='ocrx_word' id='word_1_82' title='bbox 651 1212 711 1275; x_wconf 93' lang='lat' dir='ltr'><strong>hoc·</strong></span> <span class='ocrx_word' id='word_1_83' title='bbox 726 1217 800 1274; x_wconf 82' lang='lat' dir='ltr'><strong>alias</strong></span> <span class='ocrx_word' id='word_1_84' title='bbox 814 1213 928 1275; x_wconf 89' lang='lat' dir='ltr'><strong>inedito</strong></span> <span class='ocrx_word' id='word_1_85' title='bbox 943 1217 1113 1297; x_wconf 85' lang='lat' dir='ltr'><strong>epitaphio:</strong></span> <span class='ocrx_word' id='word_1_86' title='bbox 1135 1227 1247 1286; x_wconf 67' lang='grc' dir='ltr'><strong><em>Καλλί-</em></strong></span> 
     </span>
     <span class='ocr_line' id='line_1_12' title="bbox 138 1294 1247 1390; baseline 0.005 -26"><span class='ocrx_word' id='word_1_87' title='bbox 138 1325 247 1366; x_wconf 82' lang='grc' dir='ltr'><strong><em>τοκνον</em></strong></span> <span class='ocrx_word' id='word_1_88' title='bbox 277 1301 391 1384; x_wconf 69' lang='lat' dir='ltr'><strong>sepedo</strong></span> <span class='ocrx_word' id='word_1_89' title='bbox 420 1298 473 1366; x_wconf 80' lang='grc' dir='ltr'><strong>ὅδε</strong></span> <span class='ocrx_word' id='word_1_90' title='bbox 499 1299 615 1384; x_wconf 73' lang='grc' dir='ltr'><strong><em>τύμβος</em></strong></span> <span class='ocrx_word' id='word_1_91' title='bbox 639 1299 696 1380; x_wconf 71' lang='grc' dir='ltr'><strong>ἔχει</strong></span> <span class='ocrx_word' id='word_1_92' title='bbox 723 1319 756 1362; x_wconf 83' lang='grc' dir='ltr'><strong>σε</strong></span> <span class='ocrx_word' id='word_1_93' title='bbox 774 1294 951 1382; x_wconf 78' lang='grc' dir='ltr'><strong><em>Ἀφροδίτη,</em></strong></span> <span class='ocrx_word' id='word_1_94' title='bbox 980 1312 1009 1361; x_wconf 85' lang='lat' dir='ltr'><strong>et</strong></span> <span class='ocrx_word' id='word_1_95' title='bbox 1028 1305 1061 1362; x_wconf 92' lang='lat' dir='ltr'><strong>in</strong></span> <span class='ocrx_word' id='word_1_96' title='bbox 1084 1307 1143 1366; x_wconf 83' lang='lat' dir='ltr'><strong>alio</strong></span> <span class='ocrx_word' id='word_1_97' title='bbox 1166 1311 1247 1390; x_wconf 84' lang='lat' dir='ltr'><strong>apud</strong></span> 
     </span>
     <span class='ocr_line' id='line_1_13' title="bbox 141 1387 1247 1468; baseline 0.008 -22"><span class='ocrx_word' id='word_1_98' title='bbox 141 1390 260 1447; x_wconf 87' lang='lat' dir='ltr'><strong>Gruter.</strong></span> <span class='ocrx_word' id='word_1_99' title='bbox 282 1407 313 1468; x_wconf 92' lang='lat' dir='ltr'><strong>p.</strong></span> <span class='ocrx_word' id='word_1_100' title='bbox 335 1389 409 1455; x_wconf 80' lang='lat'><strong>756.</strong></span> <span class='ocrx_word' id='word_1_101' title='bbox 452 1391 541 1447; x_wconf 85' lang='lat' dir='ltr'><strong>tertia</strong></span> <span class='ocrx_word' id='word_1_102' title='bbox 570 1387 687 1448; x_wconf 81' lang='lat' dir='ltr'><strong>diversa</strong></span> <span class='ocrx_word' id='word_1_103' title='bbox 716 1387 806 1445; x_wconf 88' lang='lat' dir='ltr'><strong>lectio</strong></span> <span class='ocrx_word' id='word_1_104' title='bbox 834 1388 921 1446; x_wconf 88' lang='lat' dir='ltr'><strong>istius</strong></span> <span class='ocrx_word' id='word_1_105' title='bbox 947 1388 1147 1468; x_wconf 73' lang='lat' dir='ltr'><strong>inscriptionis</strong></span> <span class='ocrx_word' id='word_1_106' title='bbox 1172 1393 1247 1455; x_wconf 85' lang='lat' dir='ltr'><strong>hsec</strong></span> 
     </span>
     <span class='ocr_line' id='line_1_14' title="bbox 143 1469 1248 1560; baseline 0.007 -29"><span class='ocrx_word' id='word_1_107' title='bbox 143 1484 206 1533; x_wconf 85' lang='lat' dir='ltr'><strong>est:</strong></span> <span class='ocrx_word' id='word_1_108' title='bbox 239 1469 403 1559; x_wconf 74' lang='grc' dir='ltr'><strong><em>Ἀφροδίτῃ</em></strong></span> <span class='ocrx_word' id='word_1_109' title='bbox 434 1472 578 1560; x_wconf 82' lang='grc' dir='ltr'><strong><em>τταρθίνφ</em></strong></span> <span class='ocrx_word' id='word_1_110' title='bbox 612 1473 687 1558; x_wconf 74' lang='grc' dir='ltr'><strong><em>ἱερᾷ.</em></strong></span> <span class='ocrx_word' id='word_1_111' title='bbox 730 1472 830 1531; x_wconf 87' lang='lat' dir='ltr'><strong>Venus</strong></span> <span class='ocrx_word' id='word_1_112' title='bbox 863 1475 1072 1550; x_wconf 83' lang='lat' dir='ltr'><strong>cognominata</strong></span> <span class='ocrx_word' id='word_1_113' title='bbox 1102 1479 1186 1555; x_wconf 86' lang='lat' dir='ltr'><strong>virgo</strong></span> <span class='ocrx_word' id='word_1_114' title='bbox 1217 1493 1248 1539; x_wconf 90' lang='lat' dir='ltr'><strong>et</strong></span> 
     </span>
     <span class='ocr_line' id='line_1_15' title="bbox 143 1549 1248 1640; baseline 0.005 -22"><span class='ocrx_word' id='word_1_115' title='bbox 143 1569 245 1618; x_wconf 84' lang='lat' dir='ltr'><strong>saneta</strong></span> <span class='ocrx_word' id='word_1_116' title='bbox 272 1559 379 1617; x_wconf 82' lang='lat' dir='ltr'><strong>eadem</strong></span> <span class='ocrx_word' id='word_1_117' title='bbox 401 1571 447 1618; x_wconf 86' lang='lat' dir='ltr'><strong>est</strong></span> <span class='ocrx_word' id='word_1_118' title='bbox 468 1579 546 1640; x_wconf 83' lang='lat' dir='ltr'><strong>quse</strong></span> <span class='ocrx_word' id='word_1_119' title='bbox 567 1559 641 1618; x_wconf 80' lang='lat' dir='ltr'><strong>alias</strong></span> <span class='ocrx_word' id='word_1_120' title='bbox 663 1567 787 1616; x_wconf 82' lang='lat' dir='ltr'><strong>vocatur</strong></span> <span class='ocrx_word' id='word_1_121' title='bbox 808 1549 936 1638; x_wconf 77' lang='grc' dir='ltr'><strong><em>οδρανία</em></strong></span> <span class='ocrx_word' id='word_1_122' title='bbox 957 1561 1021 1618; x_wconf 82' lang='lat' dir='ltr'><strong>sive</strong></span> <span class='ocrx_word' id='word_1_123' title='bbox 1041 1561 1186 1633; x_wconf 75' lang='lat' dir='ltr'><strong>caelestis,</strong></span> <span class='ocrx_word' id='word_1_124' title='bbox 1217 1577 1248 1625; x_wconf 83' lang='lat' dir='ltr'><strong>et</strong></span> 
     </span>
     <span class='ocr_line' id='line_1_16' title="bbox 141 1643 1246 1723; baseline 0.007 -23"><span class='ocrx_word' id='word_1_125' title='bbox 141 1663 196 1723; x_wconf 88' lang='lat' dir='ltr'><strong>pro</strong></span> <span class='ocrx_word' id='word_1_126' title='bbox 221 1648 336 1704; x_wconf 88' lang='lat' dir='ltr'><strong>Iunone</strong></span> <span class='ocrx_word' id='word_1_127' title='bbox 361 1647 424 1704; x_wconf 83' lang='lat' dir='ltr'><strong>sive</strong></span> <span class='ocrx_word' id='word_1_128' title='bbox 446 1646 534 1704; x_wconf 83' lang='lat' dir='ltr'><strong>Luna</strong></span> <span class='ocrx_word' id='word_1_129' title='bbox 556 1645 636 1703; x_wconf 86' lang='lat' dir='ltr'><strong>culta</strong></span> <span class='ocrx_word' id='word_1_130' title='bbox 657 1643 733 1718; x_wconf 79' lang='lat' dir='ltr'><strong>fuit,</strong></span> <span class='ocrx_word' id='word_1_131' title='bbox 764 1652 799 1701; x_wconf 92' lang='lat' dir='ltr'><strong>ut</strong></span> <span class='ocrx_word' id='word_1_132' title='bbox 818 1651 945 1702; x_wconf 85' lang='lat' dir='ltr'><strong>testetur</strong></span> <span class='ocrx_word' id='word_1_133' title='bbox 967 1645 1062 1705; x_wconf 85' lang='lat' dir='ltr'><strong>iulius</strong></span> <span class='ocrx_word' id='word_1_134' title='bbox 1083 1649 1246 1708; x_wconf 78' lang='lat' dir='ltr'><strong>Firmicus:</strong></span> 
     </span>
     <span class='ocr_line' id='line_1_17' title="bbox 140 1725 1249 1810; baseline 0.006 -24"><span class='ocrx_word' id='word_1_135' title='bbox 140 1749 214 1786; x_wconf 86' lang='lat' dir='ltr'><strong>nam</strong></span> <span class='ocrx_word' id='word_1_136' title='bbox 242 1731 323 1790; x_wconf 80' lang='lat' dir='ltr'><strong>hunc</strong></span> <span class='ocrx_word' id='word_1_137' title='bbox 352 1732 491 1802; x_wconf 84' lang='lat' dir='ltr'><strong>eundem,</strong></span> <span class='ocrx_word' id='word_1_138' title='bbox 523 1732 638 1810; x_wconf 89' lang='lat' dir='ltr'><strong>inquit,</strong></span> <span class='ocrx_word' id='word_1_139' title='bbox 671 1725 734 1808; x_wconf 85' lang='lat' dir='ltr'><strong>(sc.</strong></span> <span class='ocrx_word' id='word_1_140' title='bbox 756 1731 878 1809; x_wconf 65' lang='lat' dir='ltr'><strong>adrem)</strong></span> <span class='ocrx_word' id='word_1_141' title='bbox 909 1732 1027 1788; x_wconf 81' lang='lat' dir='ltr'><strong>nomine</strong></span> <span class='ocrx_word' id='word_1_142' title='bbox 1051 1731 1178 1790; x_wconf 81' lang='lat' dir='ltr'><strong>Iunonis</strong></span> <span class='ocrx_word' id='word_1_143' title='bbox 1199 1736 1249 1793; x_wconf 77' lang='lat' dir='ltr'><strong>vel</strong></span> 
     </span>
     <span class='ocr_line' id='line_1_18' title="bbox 145 1813 1246 1896; baseline 0.005 -23"><span class='ocrx_word' id='word_1_144' title='bbox 145 1815 268 1874; x_wconf 71' lang='lat' dir='ltr'><strong>Wneris</strong></span> <span class='ocrx_word' id='word_1_145' title='bbox 284 1818 426 1894; x_wconf 73' lang='lat' dir='ltr'><strong>virginis,</strong></span> <span class='ocrx_word' id='word_1_146' title='bbox 447 1819 474 1873; x_wconf 81' lang='grc' dir='ltr'><strong>ον’</strong></span> <span class='ocrx_word' id='word_1_147' title='bbox 493 1827 592 1873; x_wconf 85' lang='lat' dir='ltr'><strong>tamen</strong></span> <span class='ocrx_word' id='word_1_148' title='bbox 618 1815 731 1877; x_wconf 83' lang='lat' dir='ltr'><strong>Veneri</strong></span> <span class='ocrx_word' id='word_1_149' title='bbox 746 1813 867 1890; x_wconf 77' lang='lat' dir='ltr'><strong>placuit</strong></span> <span class='ocrx_word' id='word_1_150' title='bbox 885 1813 1051 1892; x_wconf 75' lang='lat' dir='ltr'><strong>aliquando</strong></span> <span class='ocrx_word' id='word_1_151' title='bbox 1071 1819 1246 1896; x_wconf 76' lang='lat' dir='ltr'><strong>virginitas,</strong></span> 
     </span>
     <span class='ocr_line' id='line_1_19' title="bbox 141 1899 1247 1981; baseline 0.005 -24"><span class='ocrx_word' id='word_1_152' title='bbox 141 1913 361 1964; x_wconf 78' lang='lat' dir='ltr'><strong>consecrarunt.</strong></span> <span class='ocrx_word' id='word_1_153' title='bbox 418 1899 479 1960; x_wconf 91' lang='lat' dir='ltr'><strong>huc</strong></span> <span class='ocrx_word' id='word_1_154' title='bbox 509 1903 640 1981; x_wconf 83' lang='lat' dir='ltr'><strong>pertinet</strong></span> <span class='ocrx_word' id='word_1_155' title='bbox 670 1900 824 1980; x_wconf 79' lang='lat' dir='ltr'><strong>inscriptio</strong></span> <span class='ocrx_word' id='word_1_156' title='bbox 857 1917 934 1978; x_wconf 80' lang='lat' dir='ltr'><strong>quse</strong></span> <span class='ocrx_word' id='word_1_157' title='bbox 965 1901 1077 1979; x_wconf 84' lang='lat' dir='ltr'><strong>legitur</strong></span> <span class='ocrx_word' id='word_1_158' title='bbox 1107 1905 1139 1959; x_wconf 89' lang='lat' dir='ltr'><strong>in</strong></span> <span class='ocrx_word' id='word_1_159' title='bbox 1172 1907 1247 1962; x_wconf 86' lang='lat' dir='ltr'><strong>Col-</strong></span> 
     </span>
     <span class='ocr_line' id='line_1_20' title="bbox 139 1980 1246 2070; baseline 0.007 -27"><span class='ocrx_word' id='word_1_160' title='bbox 139 1986 249 2049; x_wconf 85' lang='lat' dir='ltr'><strong>lectan.</strong></span> <span class='ocrx_word' id='word_1_161' title='bbox 279 1989 423 2067; x_wconf 80' lang='lat' dir='ltr'><strong>anonymi</strong></span> <span class='ocrx_word' id='word_1_162' title='bbox 450 2007 481 2050; x_wconf 90' lang='lat' dir='ltr'><strong>n.</strong></span> <span class='ocrx_word' id='word_1_163' title='bbox 512 1984 590 2063; x_wconf 74' lang='lat'><strong>194,</strong></span> <span class='ocrx_word' id='word_1_164' title='bbox 623 1980 789 2070; x_wconf 76' lang='grc' dir='ltr'><strong><em>Ἀφροδίτῃ</em></strong></span> <span class='ocrx_word' id='word_1_165' title='bbox 819 1980 950 2066; x_wconf 74' lang='grc' dir='ltr'><strong><em>Σελήνῃ.</em></strong></span> <span class='ocrx_word' id='word_1_166' title='bbox 992 1983 1147 2064; x_wconf 89' lang='lat' dir='ltr'><strong>epitheton</strong></span> <span class='ocrx_word' id='word_1_167' title='bbox 1174 2009 1246 2051; x_wconf 81' lang='lat' dir='ltr'><strong>vero</strong></span> 
     </span>
     <span class='ocr_line' id='line_1_21' title="bbox 141 2070 1246 2151; baseline 0.005 -23"><span class='ocrx_word' id='word_1_168' title='bbox 141 2070 268 2129; x_wconf 79' lang='lat' dir='ltr'><strong>Sanctae</strong></span> <span class='ocrx_word' id='word_1_169' title='bbox 296 2073 436 2132; x_wconf 87' lang='lat' dir='ltr'><strong>tribuitur</strong></span> <span class='ocrx_word' id='word_1_170' title='bbox 463 2073 574 2131; x_wconf 86' lang='lat' dir='ltr'><strong>Veneri</strong></span> <span class='ocrx_word' id='word_1_171' title='bbox 596 2073 629 2128; x_wconf 92' lang='lat' dir='ltr'><strong>in</strong></span> <span class='ocrx_word' id='word_1_172' title='bbox 650 2072 774 2151; x_wconf 84' lang='lat' dir='ltr'><strong>antiqua</strong></span> <span class='ocrx_word' id='word_1_173' title='bbox 794 2071 1004 2150; x_wconf 87' lang='lat' dir='ltr'><strong>inscriptione,</strong></span> <span class='ocrx_word' id='word_1_174' title='bbox 1033 2073 1117 2130; x_wconf 86' lang='lat' dir='ltr'><strong>cuius</strong></span> <span class='ocrx_word' id='word_1_175' title='bbox 1140 2092 1246 2134; x_wconf 89' lang='lat' dir='ltr'><strong>exem-</strong></span> 
     </span>
     <span class='ocr_line' id='line_1_22' title="bbox 140 2153 1172 2238; baseline 0.004 -24"><span class='ocrx_word' id='word_1_176' title='bbox 140 2156 209 2237; x_wconf 82' lang='lat' dir='ltr'><strong>plar</strong></span> <span class='ocrx_word' id='word_1_177' title='bbox 228 2159 391 2236; x_wconf 84' lang='lat' dir='ltr'><strong>subiunxi,</strong></span> <span class='ocrx_word' id='word_1_178' title='bbox 412 2159 484 2238; x_wconf 85' lang='lat' dir='ltr'><strong>quia</strong></span> <span class='ocrx_word' id='word_1_179' title='bbox 505 2159 597 2234; x_wconf 84' lang='lat' dir='ltr'><strong>alias,</strong></span> <span class='ocrx_word' id='word_1_180' title='bbox 617 2154 700 2237; x_wconf 90' lang='lat' dir='ltr'><strong>quod</strong></span> <span class='ocrx_word' id='word_1_181' title='bbox 721 2158 830 2232; x_wconf 90' lang='lat' dir='ltr'><strong>sciam,</strong></span> <span class='ocrx_word' id='word_1_182' title='bbox 851 2153 988 2216; x_wconf 87' lang='lat' dir='ltr'><strong>nondum</strong></span> <span class='ocrx_word' id='word_1_183' title='bbox 1010 2165 1056 2218; x_wconf 86' lang='lat' dir='ltr'><strong>est</strong></span> <span class='ocrx_word' id='word_1_184' title='bbox 1075 2155 1172 2218; x_wconf 79' lang='lat' dir='ltr'><strong>edita:</strong></span> 
     </span>
    </p>
   </div>
   <div class='ocr_carea' id='block_1_4' title="bbox 346 2261 1039 2831">
    <p class='ocr_par' dir='ltr' id='par_1_4' title="bbox 346 2261 1039 2831">
     <span class='ocr_line' id='line_1_23' title="bbox 426 2261 959 2330; baseline 0.002 -5"><span class='ocrx_word' id='word_1_185' title='bbox 426 2265 583 2327; x_wconf 77' lang='lat' dir='ltr'><strong>venum.</strong></span> <span class='ocrx_word' id='word_1_186' title='bbox 624 2261 768 2325; x_wconf 72' lang='lat' dir='ltr'><strong>senor.</strong></span> <span class='ocrx_word' id='word_1_187' title='bbox 810 2263 959 2330; x_wconf 64' lang='lat' dir='ltr'><strong>noum</strong></span> 
     </span>
     <span class='ocr_line' id='line_1_24' title="bbox 612 2363 773 2424; baseline 0 0"><span class='ocrx_word' id='word_1_188' title='bbox 612 2363 773 2424; x_wconf 67' lang='lat' dir='ltr'><strong>sacrun</strong></span> 
     </span>
     <span class='ocr_line' id='line_1_25' title="bbox 346 2465 1039 2556; baseline 0.004 -30"><span class='ocrx_word' id='word_1_189' title='bbox 346 2468 403 2526; x_wconf 82' lang='lat' dir='ltr'><strong>rr.</strong></span> <span class='ocrx_word' id='word_1_190' title='bbox 446 2465 652 2528; x_wconf 74' lang='lat' dir='ltr'><strong>cutwine.</strong></span> <span class='ocrx_word' id='word_1_191' title='bbox 696 2467 751 2527; x_wconf 81' lang='lat' dir='ltr'><strong>rr.</strong></span> <span class='ocrx_word' id='word_1_192' title='bbox 794 2467 829 2524; x_wconf 81' lang='lat' dir='ltr'><strong>r.</strong></span> <span class='ocrx_word' id='word_1_193' title='bbox 871 2465 956 2528; x_wconf 77' lang='lat' dir='ltr'><strong>ocu,</strong></span> <span class='ocrx_word' id='word_1_194' title='bbox 991 2470 1039 2556; x_wconf 80' lang='grc' dir='ltr'><strong>Ιοι</strong></span> 
     </span>
     <span class='ocr_line' id='line_1_26' title="bbox 398 2550 978 2631; baseline 0.003 -2"><span class='ocrx_word' id='word_1_195' title='bbox 398 2571 481 2629; x_wconf 83' lang='lat' dir='ltr'><strong>ouo.</strong></span> <span class='ocrx_word' id='word_1_196' title='bbox 524 2569 683 2628; x_wconf 81' lang='lat' dir='ltr'><strong>nncrou.</strong></span> <span class='ocrx_word' id='word_1_197' title='bbox 726 2550 781 2627; x_wconf 77' lang='lat'><em>1&#39;1‘1.</em></span> <span class='ocrx_word' id='word_1_198' title='bbox 823 2569 978 2631; x_wconf 77' lang='lat' dir='ltr'><strong>essunt</strong></span> 
     </span>
     <span class='ocr_line' id='line_1_27' title="bbox 437 2669 951 2730; baseline 0.002 -1"><span class='ocrx_word' id='word_1_199' title='bbox 437 2669 530 2730; x_wconf 80' lang='lat' dir='ltr'><strong>vor.</strong></span> <span class='ocrx_word' id='word_1_200' title='bbox 573 2669 791 2728; x_wconf 75' lang='lat' dir='ltr'><strong>succurro.</strong></span> <span class='ocrx_word' id='word_1_201' title='bbox 832 2671 951 2730; x_wconf 77' lang='lat' dir='ltr'><strong>nunu</strong></span> 
     </span>
     <span class='ocr_line' id='line_1_28' title="bbox 585 2771 802 2831; baseline 0.014 -4"><span class='ocrx_word' id='word_1_202' title='bbox 585 2772 622 2828; x_wconf 82' lang='lat' dir='ltr'><strong>c.</strong></span> <span class='ocrx_word' id='word_1_203' title='bbox 644 2771 683 2831; x_wconf 90' lang='grc' dir='ltr'><strong>ο.</strong></span> <span class='ocrx_word' id='word_1_204' title='bbox 703 2771 742 2829; x_wconf 89' lang='lat' dir='ltr'><strong>o.</strong></span> <span class='ocrx_word' id='word_1_205' title='bbox 762 2771 802 2830; x_wconf 89' lang='lat' dir='ltr'><strong>n.</strong></span> 
     </span>
    </p>
   </div>
   <div class='ocr_carea' id='block_1_5' title="bbox 141 2867 1246 3129">
    <p class='ocr_par' dir='ltr' id='par_1_5' title="bbox 141 2867 1246 3129">
     <span class='ocr_line' id='line_1_29' title="bbox 141 2867 1246 2968; baseline 0.01 -34"><span class='ocrx_word' id='word_1_206' title='bbox 141 2887 247 2958; x_wconf 81' lang='lat' dir='ltr'><strong>quarta</strong></span> <span class='ocrx_word' id='word_1_207' title='bbox 278 2874 404 2934; x_wconf 86' lang='lat' dir='ltr'><strong>demum</strong></span> <span class='ocrx_word' id='word_1_208' title='bbox 434 2876 523 2935; x_wconf 88' lang='lat' dir='ltr'><strong>lectio</strong></span> <span class='ocrx_word' id='word_1_209' title='bbox 554 2875 672 2938; x_wconf 81' lang='lat' dir='ltr'><strong>diversa</strong></span> <span class='ocrx_word' id='word_1_210' title='bbox 703 2870 779 2937; x_wconf 88' lang='lat' dir='ltr'><strong>haec</strong></span> <span class='ocrx_word' id='word_1_211' title='bbox 809 2885 871 2936; x_wconf 83' lang='lat' dir='ltr'><strong>est:</strong></span> <span class='ocrx_word' id='word_1_212' title='bbox 905 2867 1070 2965; x_wconf 72' lang='grc' dir='ltr'><strong><em>Ἀφροδίτῃ</em></strong></span> <span class='ocrx_word' id='word_1_213' title='bbox 1098 2877 1246 2968; x_wconf 74' lang='grc' dir='ltr'><strong><em>ααρθὲνφ</em></strong></span> 
     </span>
     <span class='ocr_line' id='line_1_30' title="bbox 141 2953 1246 3047; baseline 0.002 -22"><span class='ocrx_word' id='word_1_214' title='bbox 141 2959 228 3044; x_wconf 77' lang='grc' dir='ltr'><strong><em>ίεροί,</em></strong></span> <span class='ocrx_word' id='word_1_215' title='bbox 257 2953 294 3024; x_wconf 85' lang='grc' dir='ltr'><strong>οὗ</strong></span> <span class='ocrx_word' id='word_1_216' title='bbox 323 2959 356 3024; x_wconf 78' lang='grc' dir='ltr'><strong>δὲ</strong></span> <span class='ocrx_word' id='word_1_217' title='bbox 384 2967 543 3042; x_wconf 82' lang='grc' dir='ltr'><strong><em>θαρροῦσα</em></strong></span> <span class='ocrx_word' id='word_1_218' title='bbox 572 2965 742 3044; x_wconf 76' lang='grc' dir='ltr'><strong><em>χαρίζομαι.</em></strong></span> <span class='ocrx_word' id='word_1_219' title='bbox 783 2960 906 3022; x_wconf 81' lang='lat' dir='ltr'><strong>videant</strong></span> <span class='ocrx_word' id='word_1_220' title='bbox 934 2965 986 3021; x_wconf 82' lang='lat' dir='ltr'><strong>alii</strong></span> <span class='ocrx_word' id='word_1_221' title='bbox 1014 2983 1054 3022; x_wconf 87' lang='lat' dir='ltr'><strong>sn</strong></span> <span class='ocrx_word' id='word_1_222' title='bbox 1083 2967 1246 3047; x_wconf 82' lang='lat' dir='ltr'><strong>quicquam</strong></span> 
     </span>
     <span class='ocr_line' id='line_1_31' title="bbox 141 3045 1215 3129; baseline 0.007 -21"><span class='ocrx_word' id='word_1_223' title='bbox 141 3050 214 3108; x_wconf 92' lang='lat' dir='ltr'><strong>boni</strong></span> <span class='ocrx_word' id='word_1_224' title='bbox 234 3067 340 3107; x_wconf 87' lang='lat' dir='ltr'><strong>sensus</strong></span> <span class='ocrx_word' id='word_1_225' title='bbox 362 3049 431 3106; x_wconf 86' lang='lat' dir='ltr'><strong>elici</strong></span> <span class='ocrx_word' id='word_1_226' title='bbox 452 3045 524 3106; x_wconf 91' lang='lat' dir='ltr'><strong>hinc</strong></span> <span class='ocrx_word' id='word_1_227' title='bbox 544 3051 652 3129; x_wconf 88' lang='lat' dir='ltr'><strong>possit:</strong></span> <span class='ocrx_word' id='word_1_228' title='bbox 677 3046 755 3107; x_wconf 90' lang='lat' dir='ltr'><strong>mihi</strong></span> <span class='ocrx_word' id='word_1_229' title='bbox 774 3068 846 3108; x_wconf 81' lang='lat' dir='ltr'><strong>sane</strong></span> <span class='ocrx_word' id='word_1_230' title='bbox 866 3069 927 3109; x_wconf 91' lang='lat' dir='ltr'><strong>non</strong></span> <span class='ocrx_word' id='word_1_231' title='bbox 944 3047 1071 3114; x_wconf 79' lang='lat' dir='ltr'><strong>videtur.</strong></span> <span class='ocrx_word' id='word_1_232' title='bbox 1113 3053 1215 3115; x_wconf 72' lang='lat' dir='ltr'><strong>hstis.</strong></span> 
     </span>
    </p>
   </div>
   <div class='ocr_carea' id='block_1_6' title="bbox 134 3152 1248 4352">
    <p class='ocr_par' dir='ltr' id='par_1_6' title="bbox 134 3152 1246 3648">
     <span class='ocr_line' id='line_1_32' title="bbox 222 3152 1246 3237; baseline 0 -19"><span class='ocrx_word' id='word_1_233' title='bbox 222 3177 255 3235; x_wconf 83' lang='lat' dir='ltr'><strong>p.</strong></span> <span class='ocrx_word' id='word_1_234' title='bbox 277 3156 321 3218; x_wconf 87' lang='lat'><strong>69</strong></span> <span class='ocrx_word' id='word_1_235' title='bbox 341 3175 371 3216; x_wconf 78' lang='lat' dir='ltr'><strong>r.</strong></span> <span class='ocrx_word' id='word_1_236' title='bbox 392 3160 423 3220; x_wconf 83' lang='lat'><strong>7.</strong></span> <span class='ocrx_word' id='word_1_237' title='bbox 466 3152 651 3237; x_wconf 79' lang='grc' dir='ltr'><strong><em>σνοτημτίτια</em></strong></span> <span class='ocrx_word' id='word_1_238' title='bbox 677 3155 791 3232; x_wconf 77' lang='grc' dir='ltr'><strong><em>ἔνζωδα</em></strong></span> <span class='ocrx_word' id='word_1_239' title='bbox 818 3154 878 3216; x_wconf 91' lang='lat' dir='ltr'><strong>hoo</strong></span> <span class='ocrx_word' id='word_1_240' title='bbox 903 3157 970 3215; x_wconf 92' lang='lat' dir='ltr'><strong>loco</strong></span> <span class='ocrx_word' id='word_1_241' title='bbox 996 3158 1144 3237; x_wconf 81' lang='lat' dir='ltr'><strong>significat</strong></span> <span class='ocrx_word' id='word_1_242' title='bbox 1163 3179 1246 3218; x_wconf 88' lang='lat' dir='ltr'><strong>com-</strong></span> 
     </span>
     <span class='ocr_line' id='line_1_33' title="bbox 134 3241 1246 3325; baseline 0.004 -25"><span class='ocrx_word' id='word_1_243' title='bbox 134 3261 235 3322; x_wconf 79' lang='lat' dir='ltr'><strong>pages</strong></span> <span class='ocrx_word' id='word_1_244' title='bbox 256 3261 311 3300; x_wconf 86' lang='lat' dir='ltr'><strong>sen</strong></span> <span class='ocrx_word' id='word_1_245' title='bbox 332 3251 509 3320; x_wconf 82' lang='lat' dir='ltr'><strong>coagmenta</strong></span> <span class='ocrx_word' id='word_1_246' title='bbox 529 3244 734 3320; x_wconf 83' lang='lat' dir='ltr'><strong>compactitio,</strong></span> <span class='ocrx_word' id='word_1_247' title='bbox 753 3243 863 3324; x_wconf 89' lang='lat' dir='ltr'><strong>quibus</strong></span> <span class='ocrx_word' id='word_1_248' title='bbox 880 3241 993 3321; x_wconf 81' lang='lat' dir='ltr'><strong>figurae</strong></span> <span class='ocrx_word' id='word_1_249' title='bbox 1010 3244 1060 3302; x_wconf 81' lang='lat' dir='ltr'><strong>vel</strong></span> <span class='ocrx_word' id='word_1_250' title='bbox 1077 3245 1246 3325; x_wconf 83' lang='lat' dir='ltr'><strong>insculptas</strong></span> 
     </span>
     <span class='ocr_line' id='line_1_34' title="bbox 139 3324 1244 3408; baseline 0.003 -21"><span class='ocrx_word' id='word_1_251' title='bbox 139 3331 192 3388; x_wconf 86' lang='lat' dir='ltr'><strong>vel</strong></span> <span class='ocrx_word' id='word_1_252' title='bbox 221 3328 380 3407; x_wconf 85' lang='lat' dir='ltr'><strong>impositae</strong></span> <span class='ocrx_word' id='word_1_253' title='bbox 408 3329 546 3386; x_wconf 85' lang='lat' dir='ltr'><strong>fuerunt:</strong></span> <span class='ocrx_word' id='word_1_254' title='bbox 585 3324 677 3402; x_wconf 83' lang='grc' dir='ltr'><strong><em>ζοίδια</em></strong></span> <span class='ocrx_word' id='word_1_255' title='bbox 705 3329 804 3408; x_wconf 82' lang='lat' dir='ltr'><strong>enim,</strong></span> <span class='ocrx_word' id='word_1_256' title='bbox 830 3337 866 3388; x_wconf 90' lang='lat' dir='ltr'><strong>ut</strong></span> <span class='ocrx_word' id='word_1_257' title='bbox 895 3329 970 3387; x_wconf 81' lang='lat' dir='ltr'><strong>alias</strong></span> <span class='ocrx_word' id='word_1_258' title='bbox 999 3325 1081 3406; x_wconf 84' lang='lat' dir='ltr'><strong>dixi,</strong></span> <span class='ocrx_word' id='word_1_259' title='bbox 1109 3329 1244 3390; x_wconf 80' lang='lat' dir='ltr'><strong>Codinus</strong></span> 
     </span>
     <span class='ocr_line' id='line_1_35' title="bbox 138 3413 1245 3495; baseline 0.004 -23"><span class='ocrx_word' id='word_1_260' title='bbox 138 3415 255 3494; x_wconf 86' lang='lat' dir='ltr'><strong>passim</strong></span> <span class='ocrx_word' id='word_1_261' title='bbox 283 3413 395 3492; x_wconf 84' lang='lat' dir='ltr'><strong>figuras</strong></span> <span class='ocrx_word' id='word_1_262' title='bbox 422 3423 453 3472; x_wconf 89' lang='lat' dir='ltr'><strong>et</strong></span> <span class='ocrx_word' id='word_1_263' title='bbox 480 3423 593 3473; x_wconf 84' lang='lat' dir='ltr'><strong>statuas</strong></span> <span class='ocrx_word' id='word_1_264' title='bbox 622 3416 766 3494; x_wconf 80' lang='lat' dir='ltr'><strong>appellet.</strong></span> <span class='ocrx_word' id='word_1_265' title='bbox 807 3415 841 3472; x_wconf 88' lang='lat' dir='ltr'><strong>in</strong></span> <span class='ocrx_word' id='word_1_266' title='bbox 867 3413 935 3472; x_wconf 86' lang='lat' dir='ltr'><strong>aliis</strong></span> <span class='ocrx_word' id='word_1_267' title='bbox 956 3413 1072 3495; x_wconf 82' lang='lat' dir='ltr'><strong>aliquot</strong></span> <span class='ocrx_word' id='word_1_268' title='bbox 1093 3413 1245 3476; x_wconf 86' lang='lat' dir='ltr'><strong>codicibus</strong></span> 
     </span>
     <span class='ocr_line' id='line_1_36' title="bbox 139 3493 1245 3584; baseline 0 -25"><span class='ocrx_word' id='word_1_269' title='bbox 139 3520 195 3579; x_wconf 87' lang='lat' dir='ltr'><strong>pro</strong></span> <span class='ocrx_word' id='word_1_270' title='bbox 226 3493 410 3580; x_wconf 77' lang='grc' dir='ltr'><strong><em>σνστημάττα</em></strong></span> <span class='ocrx_word' id='word_1_271' title='bbox 436 3500 581 3580; x_wconf 86' lang='lat' dir='ltr'><strong>scriptum</strong></span> <span class='ocrx_word' id='word_1_272' title='bbox 608 3500 712 3562; x_wconf 79' lang='lat' dir='ltr'><strong>inveni</strong></span> <span class='ocrx_word' id='word_1_273' title='bbox 739 3493 940 3581; x_wconf 80' lang='grc' dir='ltr'><strong><em>σνοτεμροὶτια</em></strong></span> <span class='ocrx_word' id='word_1_274' title='bbox 965 3509 997 3559; x_wconf 83' lang='lat' dir='ltr'><strong>st</strong></span> <span class='ocrx_word' id='word_1_275' title='bbox 1017 3497 1245 3584; x_wconf 82' lang='grc' dir='ltr'><strong><em>ονοτρεμμιίττα.</em></strong></span> 
     </span>
     <span class='ocr_line' id='line_1_37' title="bbox 138 3587 240 3648; baseline 0.039 -4"><span class='ocrx_word' id='word_1_276' title='bbox 138 3587 240 3648; x_wconf 73' lang='lat' dir='ltr'><strong>hius.</strong></span> 
     </span>
    </p>

    <p class='ocr_par' dir='ltr' id='par_1_7' title="bbox 140 3665 1248 4163">
     <span class='ocr_line' id='line_1_38' title="bbox 225 3665 1246 3755; baseline -0.004 -21"><span class='ocrx_word' id='word_1_277' title='bbox 225 3692 256 3751; x_wconf 88' lang='lat' dir='ltr'><strong>p·</strong></span> <span class='ocrx_word' id='word_1_278' title='bbox 279 3671 320 3734; x_wconf 84' lang='lat'><strong>69</strong></span> <span class='ocrx_word' id='word_1_279' title='bbox 339 3688 369 3731; x_wconf 82' lang='lat' dir='ltr'><strong>v.</strong></span> <span class='ocrx_word' id='word_1_280' title='bbox 391 3672 442 3736; x_wconf 87' lang='lat'><strong>10.</strong></span> <span class='ocrx_word' id='word_1_281' title='bbox 487 3665 687 3755; x_wconf 72' lang='grc' dir='ltr'><strong><em>ἀστρονόμος]</em></strong></span> <span class='ocrx_word' id='word_1_282' title='bbox 726 3669 850 3732; x_wconf 84' lang='lat' dir='ltr'><strong>additur</strong></span> <span class='ocrx_word' id='word_1_283' title='bbox 878 3672 912 3730; x_wconf 89' lang='lat' dir='ltr'><strong>in</strong></span> <span class='ocrx_word' id='word_1_284' title='bbox 945 3670 1061 3754; x_wconf 82' lang='lat' dir='ltr'><strong>sliquct</strong></span> <span class='ocrx_word' id='word_1_285' title='bbox 1092 3669 1246 3734; x_wconf 88' lang='lat' dir='ltr'><strong>codicibus</strong></span> 
     </span>
     <span class='ocr_line' id='line_1_39' title="bbox 140 3752 1246 3839; baseline -0.002 -21"><span class='ocrx_word' id='word_1_286' title='bbox 140 3755 347 3839; x_wconf 79' lang='grc' dir='ltr'><strong><em>παρακληθείς</em></strong></span> <span class='ocrx_word' id='word_1_287' title='bbox 366 3752 523 3836; x_wconf 71' lang='lat' dir='ltr'><strong>naccisci</strong></span> <span class='ocrx_word' id='word_1_288' title='bbox 544 3755 677 3839; x_wconf 77' lang='grc' dir='ltr'><strong><em>μεγάλου</em></strong></span> <span class='ocrx_word' id='word_1_289' title='bbox 699 3757 942 3822; x_wconf 86' lang='grc' dir='ltr'><strong><em>Κωνσταντίνοα.</em></strong></span> <span class='ocrx_word' id='word_1_290' title='bbox 983 3755 1037 3816; x_wconf 84' lang='lat' dir='ltr'><strong>sed</strong></span> <span class='ocrx_word' id='word_1_291' title='bbox 1057 3756 1113 3818; x_wconf 88' lang='lat' dir='ltr'><strong>hoc</strong></span> <span class='ocrx_word' id='word_1_292' title='bbox 1133 3759 1246 3818; x_wconf 80' lang='lat' dir='ltr'><strong>salsum</strong></span> 
     </span>
     <span class='ocr_line' id='line_1_40' title="bbox 142 3843 1248 3923; baseline -0.001 -23"><span class='ocrx_word' id='word_1_293' title='bbox 142 3852 202 3901; x_wconf 82' lang='lat' dir='ltr'><strong>est:</strong></span> <span class='ocrx_word' id='word_1_294' title='bbox 236 3862 308 3900; x_wconf 88' lang='lat' dir='ltr'><strong>nam</strong></span> <span class='ocrx_word' id='word_1_295' title='bbox 334 3843 515 3923; x_wconf 85' lang='lat' dir='ltr'><strong>Apollonius</strong></span> <span class='ocrx_word' id='word_1_296' title='bbox 541 3845 685 3923; x_wconf 77' lang='lat' dir='ltr'><strong>Tyaneus</strong></span> <span class='ocrx_word' id='word_1_297' title='bbox 706 3845 762 3904; x_wconf 88' lang='lat' dir='ltr'><strong>sub</strong></span> <span class='ocrx_word' id='word_1_298' title='bbox 783 3843 955 3903; x_wconf 80' lang='lat' dir='ltr'><strong>Domitiano</strong></span> <span class='ocrx_word' id='word_1_299' title='bbox 975 3843 1087 3906; x_wconf 87' lang='lat' dir='ltr'><strong>floruit.</strong></span> <span class='ocrx_word' id='word_1_300' title='bbox 1130 3851 1248 3901; x_wconf 81' lang='lat' dir='ltr'><strong>caetera</strong></span> 
     </span>
     <span class='ocr_line' id='line_1_41' title="bbox 142 3925 1246 4009; baseline 0.002 -25"><span class='ocrx_word' id='word_1_301' title='bbox 142 3930 235 3985; x_wconf 84' lang='lat' dir='ltr'><strong>etiam</strong></span> <span class='ocrx_word' id='word_1_302' title='bbox 262 3929 382 4004; x_wconf 85' lang='lat' dir='ltr'><strong>omnia,</strong></span> <span class='ocrx_word' id='word_1_303' title='bbox 416 3947 495 4009; x_wconf 81' lang='lat' dir='ltr'><strong>quea</strong></span> <span class='ocrx_word' id='word_1_304' title='bbox 521 3925 572 3986; x_wconf 89' lang='lat' dir='ltr'><strong>hic</strong></span> <span class='ocrx_word' id='word_1_305' title='bbox 598 3927 733 3989; x_wconf 84' lang='lat' dir='ltr'><strong>Codinus</strong></span> <span class='ocrx_word' id='word_1_306' title='bbox 762 3938 863 3988; x_wconf 86' lang='lat' dir='ltr'><strong>narrat</strong></span> <span class='ocrx_word' id='word_1_307' title='bbox 890 3928 927 3987; x_wconf 86' lang='lat' dir='ltr'><strong>de</strong></span> <span class='ocrx_word' id='word_1_308' title='bbox 954 3928 1118 4009; x_wconf 82' lang='lat' dir='ltr'><strong>praesagiis</strong></span> <span class='ocrx_word' id='word_1_309' title='bbox 1144 3946 1246 3986; x_wconf 84' lang='lat' dir='ltr'><strong>rerum</strong></span> 
     </span>
     <span class='ocr_line' id='line_1_42' title="bbox 141 4013 1247 4097; baseline 0 -28"><span class='ocrx_word' id='word_1_310' title='bbox 141 4013 311 4071; x_wconf 86' lang='lat' dir='ltr'><strong>futurarum</strong></span> <span class='ocrx_word' id='word_1_311' title='bbox 331 4017 491 4074; x_wconf 79' lang='lat' dir='ltr'><strong>exstructis</strong></span> <span class='ocrx_word' id='word_1_312' title='bbox 513 4015 551 4074; x_wconf 81' lang='lat' dir='ltr'><strong>ab</strong></span> <span class='ocrx_word' id='word_1_313' title='bbox 570 4015 732 4094; x_wconf 83' lang='lat' dir='ltr'><strong>Apollonio</strong></span> <span class='ocrx_word' id='word_1_314' title='bbox 750 4015 894 4097; x_wconf 79' lang='lat' dir='ltr'><strong>Tyaneo,</strong></span> <span class='ocrx_word' id='word_1_315' title='bbox 915 4015 1014 4074; x_wconf 82' lang='lat' dir='ltr'><strong>iutilia</strong></span> <span class='ocrx_word' id='word_1_316' title='bbox 1033 4023 1103 4074; x_wconf 88' lang='lat' dir='ltr'><strong>sunt</strong></span> <span class='ocrx_word' id='word_1_317' title='bbox 1125 4021 1155 4070; x_wconf 87' lang='lat' dir='ltr'><strong>et</strong></span> <span class='ocrx_word' id='word_1_318' title='bbox 1174 4013 1247 4071; x_wconf 82' lang='lat' dir='ltr'><strong>nul·</strong></span> 
     </span>
     <span class='ocr_line' id='line_1_43' title="bbox 140 4099 523 4163; baseline 0.005 -6"><span class='ocrx_word' id='word_1_319' title='bbox 140 4099 202 4157; x_wconf 87' lang='lat' dir='ltr'><strong>lius</strong></span> <span class='ocrx_word' id='word_1_320' title='bbox 224 4102 378 4163; x_wconf 89' lang='lat' dir='ltr'><strong>momenti.</strong></span> <span class='ocrx_word' id='word_1_321' title='bbox 419 4103 523 4160; x_wconf 68' lang='lat' dir='ltr'><strong>Issus.-</strong></span> 
     </span>
    </p>

    <p class='ocr_par' dir='ltr' id='par_1_8' title="bbox 140 4178 1247 4352">
     <span class='ocr_line' id='line_1_44' title="bbox 226 4178 1247 4270; baseline -0.006 -24"><span class='ocrx_word' id='word_1_322' title='bbox 226 4203 258 4262; x_wconf 87' lang='lat' dir='ltr'><strong>p·</strong></span> <span class='ocrx_word' id='word_1_323' title='bbox 278 4185 322 4246; x_wconf 87' lang='lat'><strong>70</strong></span> <span class='ocrx_word' id='word_1_324' title='bbox 342 4203 371 4242; x_wconf 79' lang='lat' dir='ltr'><strong>v.</strong></span> <span class='ocrx_word' id='word_1_325' title='bbox 393 4185 423 4249; x_wconf 85' lang='lat'><strong>6.</strong></span> <span class='ocrx_word' id='word_1_326' title='bbox 466 4185 500 4250; x_wconf 76' lang='grc' dir='ltr'><strong>δν</strong></span> <span class='ocrx_word' id='word_1_327' title='bbox 528 4189 570 4269; x_wconf 80' lang='grc' dir='ltr'><strong>τῷ</strong></span> <span class='ocrx_word' id='word_1_328' title='bbox 598 4178 716 4270; x_wconf 72' lang='grc' dir='ltr'><em>μεγάλῳ</em></span> <span class='ocrx_word' id='word_1_329' title='bbox 745 4185 843 4264; x_wconf 80' lang='grc' dir='ltr'><strong><em>κίονι]</em></strong></span> <span class='ocrx_word' id='word_1_330' title='bbox 874 4202 936 4244; x_wconf 94' lang='lat' dir='ltr'><strong>non</strong></span> <span class='ocrx_word' id='word_1_331' title='bbox 965 4181 1068 4242; x_wconf 90' lang='lat' dir='ltr'><strong>dubito</strong></span> <span class='ocrx_word' id='word_1_332' title='bbox 1098 4181 1172 4261; x_wconf 90' lang='lat' dir='ltr'><strong>quin</strong></span> <span class='ocrx_word' id='word_1_333' title='bbox 1198 4179 1247 4240; x_wconf 87' lang='lat' dir='ltr'><strong>hic</strong></span> 
     </span>
     <span class='ocr_line' id='line_1_45' title="bbox 140 4265 1246 4352; baseline 0 -24"><span class='ocrx_word' id='word_1_334' title='bbox 140 4269 228 4330; x_wconf 89' lang='lat' dir='ltr'><strong>locus</strong></span> <span class='ocrx_word' id='word_1_335' title='bbox 255 4283 296 4327; x_wconf 87' lang='lat' dir='ltr'><strong>ex</strong></span> <span class='ocrx_word' id='word_1_336' title='bbox 321 4274 465 4352; x_wconf 80' lang='lat' dir='ltr'><strong>anonymi</strong></span> <span class='ocrx_word' id='word_1_337' title='bbox 492 4273 692 4333; x_wconf 81' lang='lat' dir='ltr'><strong>collectaneis</strong></span> <span class='ocrx_word' id='word_1_338' title='bbox 713 4273 758 4330; x_wconf 86' lang='lat' dir='ltr'><strong>ita</strong></span> <span class='ocrx_word' id='word_1_339' title='bbox 778 4269 965 4351; x_wconf 86' lang='lat' dir='ltr'><strong>supplendus</strong></span> <span class='ocrx_word' id='word_1_340' title='bbox 986 4277 1017 4326; x_wconf 88' lang='lat' dir='ltr'><strong>et</strong></span> <span class='ocrx_word' id='word_1_341' title='bbox 1037 4265 1246 4328; x_wconf 83' lang='lat' dir='ltr'><strong>reformandus</strong></span> 
     </span>
    </p>
   </div>
   <div class='ocr_carea' id='block_1_7' title="bbox 0 0 1412 4608">
    <p class='ocr_par' dir='ltr' id='par_1_9' title="bbox 0 0 1412 4608">
     <span class='ocr_line' id='line_1_46' title="bbox 0 0 1412 4608; baseline 0 0"><span class='ocrx_word' id='word_1_342' title='bbox 0 0 1412 4608; x_wconf 95' lang='lat' dir='ltr'><strong> </strong></span> 
     </span>
    </p>
   </div>
  </div>
 </body>
</html>
