2808 4616
456 211 848 287 mussol’ma
947 231 1062 290 ,Ji
1159 217 1233 294 w

235 410 301 476 mo
324 406 380 484 λ’ως
401 403 457 488 μέν
480 394 538 472 ὧδε
561 403 597 472 ud
620 403 717 485 πέρας
732 407 794 470 τῶν
810 401 890 474 κατά
905 402 962 487 τὴν
977 400 1112 492 μεγάλην
1129 403 1236 492 daniq-

133 515 220 584 σίαν·
246 513 318 589 τοὺς
343 510 378 576 δὲ
400 505 505 596 ἀγίους
527 503 717 585 ἀποστόλους
731 506 803 584 τοὺς
818 505 984 595 μεγάλους,
1011 508 1119 587 καθώς
1134 512 1238 598 appel.

135 643 243 706 ρηται,
266 607 333 702 εόρε
351 612 500 702 δρομικὴν
515 613 692 697 έκκλησίαν,
716 608 911 699 ξυλόστεγον,
935 609 1154 701 ξυλότρουλον,
1172 639 1238 680 κτι-

135 727 263 788 σθεῖσαν
286 717 371 805 παρὰ
393 723 449 784 τοῦ
470 715 605 802 μεγάλου
623 715 855 782 Κωνσταντίνου
871 718 922 782 καλ
935 712 1075 800 Ἑλένης,
1117 712 1238 799 hesu-

108 821 222 912 odoipo
246 823 280 888 δὲ
299 819 319 907 ἢ
341 818 417 907 γυνὴ
433 825 489 886 τοῦ
506 819 601 886 αάτοῢ
615 815 750 907 μεγάλου
763 819 992 901 Ἰσνστινιανοῦ,
1016 817 1105 905 ἣκαλ
1120 821 1238 905 πολλὴν

133 926 269 1012 σπουδὴν
294 925 410 1009 θεμένη
436 923 489 990 διά
513 922 549 990 τό
576 923 754 1009 διέρχεσθαι
777 919 920 990 κάτωθεν
943 922 997 990 τόν
1019 923 1158 1008 ποταμόν
1182 924 1238 992 τὸν

131 1027 258 1110 Λάκον,
281 1027 460 1116 ἀνεγείρασα
476 1027 638 1111 θεμελίους
653 1025 860 1111 παμμεγέθεις
877 1028 927 1092 καὶ
944 1029 1052 1105 λίθους
1065 1028 1237 1114 μεγίστους,

132 1133 231 1202 ἔκτισε
250 1132 304 1199 τόν
320 1128 404 1198 ναόν.
453 1131 493 1197 τό
511 1126 699 1220 δέσκάριφα
715 1131 767 1196 καὶ
783 1129 819 1196 τό
837 1137 942 1216 σχῆμα
959 1131 1057 1218 ἀπῆρε
1073 1137 1129 1198 τοῦ
1148 1129 1236 1218 ἀγίου

128 1235 271 1304 Ἰωάννου
294 1241 350 1302 τοῦ
372 1230 522 1320 θεολόγον
543 1233 603 1300 ἀπὸ
617 1234 758 1322 Ἐφέσου.
808 1231 865 1318 τὴν
883 1235 916 1300 δέ
931 1233 1007 1320 όλην
1024 1231 1147 1303 όπασαν
1162 1235 1236 1302 ἐλσ-

88 1347 188 1424 1οβεν
213 1338 274 1406 ἀπὸ
299 1343 354 1420 τῆς
377 1334 464 1423 ἀγίας
489 1336 609 1424 Σοφίας
632 1337 709 1419 μετά
733 1335 770 1404 τὸ
793 1342 991 1421 τελειωθῆναι
1016 1338 1111 1424 αὐτὴν
1126 1341 1178 1406 καλ
1194 1339 1275 1413 adl>

134 1441 286 1530 τάκτῆρια,
305 1440 416 1524 αάτῆς·
442 1440 502 1528 ἀφ’
529 1438 601 1507 ότου
618 1440 678 1528 γάρ
694 1437 809 1526 ἤρξατο
827 1429 983 1520 νοτίζεσθαι
998 1438 1018 1524 ἢ
1035 1439 1106 1526 ἀγία
1122 1446 1235 1530 Σοφία,

131 1547 209 1630 μετὰ
227 1546 361 1633 τέσσαρα
378 1543 430 1629 έτη
446 1543 560 1630 ἤρξατο
579 1545 629 1608 καλ
647 1541 740 1620 αάτός
755 1542 911 1622 κτίζεσθαι
927 1540 944 1608 ὃ
961 1539 1043 1620 ναός.
1093 1545 1125 1609 έν
1142 1547 1175 1610 δὲ
1191 1554 1237 1636 τῷ

132 1656 231 1738 καιρῷ
261 1655 315 1715 τοῦ
344 1645 562 1732 μουσιιόματος
585 1645 686 1730 ἔλειψε
709 1651 748 1733 τῇ
772 1646 914 1735 δεσποίνῃ
936 1647 1066 1734 χρυσίου
1091 1645 1236 1734 ποσάτης.

133 1757 185 1819 καὶ
210 1749 423 1838 ἀδημονούσης
446 1753 494 1816 ἐπὶ
515 1757 605 1818 τοῦτο
622 1757 677 1834 τῆς
692 1747 877 1836 Αὖγοόστης
893 1750 964 1815 κατ’
985 1749 1060 1838 ἀναρ
1079 1750 1236 1840 ἐφάνησαν

89 1867 126 1922 15
135 1858 164 1924 οἱ
189 1854 269 1942 ἀγιοι
292 1853 457 1923 ἀπόστολοι
480 1855 616 1941 λέγοντες
637 1855 717 1941 αὐτῇ
735 1850 803 1938 “posi
828 1857 927 1919 λυποῦ
948 1857 1017 1941 περὶ
1036 1852 1237 1941 χαράγματος

130 1963 277 2046 χρυσίου,
301 1960 382 2042 μηδὲ
394 1959 595 2046 Ἰσυστινιανῷ
612 1963 657 2045 τῷ
673 1957 765 2044 ἀνδρί
777 1980 834 2023 σου
851 1954 1030 2043 έπιζητήσης
1047 1959 1237 2042 νομίσματα·

132 2063 214 2128 ἀλλά
240 2064 420 2129 ἀπελθοῦσα
442 2060 560 2137 ἔξωθεν
583 2065 638 2143 τῆς
660 2057 775 2146 πόρτης
799 2054 1024 2145 Δεξιοκράτσυς
1045 2065 1088 2135 εἰς
1108 2061 1162 2128 τόν
1185 2065 1237 2127 αἲ·
1297 2051 1304 2084 ³

132 2164 238 2250 γιαλὸν
260 2161 397 2252 εὕρήσεις
419 2160 539 2230 δώδεκα
562 2158 693 2248 κεράμια
717 2161 847 2244 γέμοντα
866 2161 997 2247 χρυσίου
1021 2164 1232 2246 κεχωσμένα.”
1250 2181 1273 2236 Ρ
1290 2181 1325 2240 74

132 2265 153 2351 ἦ
183 2269 217 2332 δὲ
241 2265 409 2351 Αάγσόστα
435 2266 640 2333 ἀποστείλασα
668 2254 753 2348 εὗρεν
776 2261 854 2327 αάτά
878 2264 1024 2347 γέμοντα,
1053 2267 1104 2330 καλ
1127 2264 1236 2350 ἔχοντα

87 2378 126 2434 20
134 2371 260 2438 ἕκαστον
289 2370 389 2436 αάτῶν
421 2366 591 2456 ἐπιγραφὴν
616 2371 677 2434 τῶν
701 2361 794 2450 ἀγίων
817 2363 995 2432 ἀποστόλων
1020 2366 1059 2432 τό
1085 2365 1236 2453 ὀνόματα.

132 2477 184 2542 καὶ
206 2479 346 2557 λαβοῦσα
368 2477 483 2559 ταάτα,
509 2467 667 2552 δοξάσασά
683 2495 715 2536 τε
731 2465 823 2547 θεόν,
849 2469 1010 2546 έξωδίασεν
1027 2469 1107 2536 αάτά
1123 2477 1166 2551 είς
1181 2475 1235 2542 τὸν

131 2575 214 2646 ναόν.
265 2579 317 2642 καὶ
338 2577 438 2642 πολλὰ
459 2573 602 2660 κτήματα
624 2575 676 2639 καλ
700 2569 889 2656 ἀναθήματα
905 2575 956 2638 καὶ
974 2571 1066 2658 σκεόη
1081 2583 1185 2662 χρυσᾶ
1201 2603 1235 2644 τε

133 2685 184 2748 καὶ
206 2682 327 2768 ἀργυρᾶ
343 2676 566 2768 προσεκόρωσε.
616 2672 802 2746 τελειώσασα
819 2676 854 2743 δὲ
869 2674 922 2742 τόν
937 2675 1010 2744 ναόν
1026 2675 1147 2762 έμελλεν
1163 2706 1235 2770 κρε-

203 2877 220 2934 7
236 2869 346 2942 Λάκου]
363 2873 471 2944 λάτριον
486 2874 546 2930 eod.
562 2872 655 2928 Lamb.

236 3046 381 3115 Hucusque
402 3049 488 3098 autem
507 3045 624 3117 pertinet
640 3044 756 3101 narratio
774 3061 862 3102 eorum
879 3063 948 3119 quae
965 3047 998 3112 ad
1013 3061 1132 3116 magnam
1149 3047 1235 3101 eoele-

133 3117 198 3172 siam
222 3122 352 3186 spectant.
386 3115 508 3184 templum
533 3133 652 3185 magnum
677 3117 729 3170 SS.
753 3118 946 3186 apostolorum,
972 3119 1040 3172 sicut
1062 3117 1160 3170 dictum
1184 3124 1235 3184 eet,

132 3190 219 3242 forma
241 3184 367 3254 oblonga,
393 3187 476 3238 trulla
497 3185 599 3256 lignea,
626 3192 750 3254 tectoque
771 3187 858 3256 ligneo
882 3194 1000 3258 opertum
1024 3186 1141 3254 invenit,
1165 3187 1234 3255 quod

134 3256 323 3310 constantinus
348 3271 455 3324 magnus
480 3262 507 3308 at
527 3255 629 3308 Helena
653 3255 833 3310 condiderunt.
867 3274 959 3310 verum
983 3255 1125 3310 Theodora
1148 3255 1236 3323 magni

127 3323 275 3380 ¹Iustiniani
303 3341 369 3378 uxor
392 3324 498 3378 multam
522 3341 609 3378 curam
633 3325 767 3392 adhibuit,
799 3343 830 3380 eo
853 3327 922 3396 quod
945 3327 1036 3395 Lycus
1060 3324 1142 3378 amnis
1165 3326 1235 3380 istac

133 3395 375 3462 subterlaberotur,
412 3393 564 3464 magnisque
598 3395 771 3448 fundamentis
803 3396 896 3467 positis
932 3396 1053 3466 templum
1084 3393 1235 3450 renovavit.

132 3467 242 3518 formam
268 3465 371 3533 quidam
397 3469 426 3518 et
449 3463 649 3517 delineationem
673 3481 689 3516 a
714 3463 810 3547 templo
836 3465 866 3520 S.
891 3465 996 3518 Ioannis
1022 3464 1138 3534 theologi
1164 3464 1235 3535 quod

132 3534 235 3604 Ephesi
252 3541 294 3586 est
309 3532 468 3602 desumpsit3
486 3550 585 3586 omnem
601 3549 665 3584 vero
681 3541 816 3588 maternam
833 3553 850 3588 a
867 3535 897 3588 S.
916 3535 1030 3604 Sophia,
1046 3539 1185 3604 postquam
1202 3551 1235 3587 ea

133 3621 191 3658 oum
208 3602 330 3656 oratoriis
348 3602 403 3656 auis
420 3604 541 3674 perfecta
557 3609 644 3671 esset,
660 3603 775 3672 aceepit:
795 3621 854 3656 nam
871 3603 1040 3674 quadriennio
1054 3608 1116 3674 post
1128 3603 1235 3656 inchoa-

132 3682 187 3727 tam
212 3673 241 3724 S.
266 3671 382 3742 Sophiae
405 3679 563 3725 structuram
578 3673 701 3742 templum
718 3673 768 3724 hoo
785 3673 862 3726 condi
879 3681 998 3742 coeptum
1016 3679 1068 3725 est.
1103 3681 1235 3726 caeterum

134 3759 193 3796 oum
216 3743 267 3795 iam
291 3740 392 3794 musivo
416 3758 496 3811 opere
518 3741 712 3794 incrustandum
736 3749 822 3808 esset,
848 3744 1099 3811 aurum'hugustam
1118 3742 1235 3804 deiecit3

133 3828 243 3880 cumque
267 3811 301 3863 ob
326 3809 376 3863 hoo
398 3815 551 3878 angeretur,
580 3810 632 3864 SS.
651 3809 764 3880 apostoli
780 3827 830 3880 per
846 3812 971 3864 somnium
989 3811 1041 3879 ipsi
1058 3815 1236 3881 apparuerunt

133 3881 252 3934 dicentes
276 3875 330 3932 “de
352 3880 466 3950 pecunia
487 3897 520 3932 ne
544 3879 657 3933 sollicita
682 3881 736 3946 sis,
760 3896 845 3950 neque
868 3897 885 3932 a
905 3881 1051 3934 Iustiniano
1076 3880 1169 3933 marito
1188 3884 1235 3930 tuo

133 3966 250 4002 nummos
272 3955 350 4020 ρυλες
376 3949 422 4002 sed
440 3949 485 4001 abi
502 3955 577 4002 extra
592 3955 697 4019 portam
713 3949 881 4002 Dexiocratis
899 3951 932 4002 ad
949 3951 1037 4016 littus,
1061 3957 1089 4001 et
1105 3949 1142 4001 ibi
1158 3949 1234 4000 inve-

134 4019 193 4071 nies
209 4019 286 4071 humo
303 4018 409 4070 condita
425 4018 560 4071 duodecim
577 4035 643 4072 vasa
658 4018 752 4072 fictilia
768 4035 832 4072 auro
849 4014 986 4088 impleta.”
1019 4021 1138 4085 Augusta
1153 4017 1235 4084 igitur

135 4105 167 4140 eo
190 4088 293 4140 mittens
315 4087 420 4141 invenit
436 4105 469 4140 ea
483 4087 575 4158 plena,
600 4093 628 4140 et
649 4088 753 4158 singula
768 4088 914 4142 nominibus
932 4090 983 4142 SS.
1003 4085 1177 4156 apostolorum
1193 4085 1235 4138 in-

135 4155 245 4226 scripta.
287 4155 384 4228 illaque
408 4157 540 4226 accipiens
564 4157 659 4228 gratiis
683 4159 733 4211 deo
756 4158 823 4211 uotis
844 4158 874 4211 in
894 4159 1017 4230 templum
1042 4153 1182 4222 expendit,
1208 4161 1237 4209 et

134 4224 230 4282 multos
247 4225 357 4297 fundos,
383 4233 550 4296 ornamenta,
574 4245 639 4282 vasa
656 4245 736 4283 aurea
753 4233 783 4282 et
798 4235 926 4298 argentea
944 4227 970 4280 ei
985 4221 1103 4276 donavit.
1138 4227 1234 4296 templo
1331 4249 1334 4254 ·
