2808 4616
198 201 276 279 146
537 197 755 286 tuoruum
782 197 970 270 commus

195 390 296 460 αῦτοῦ
313 387 419 475 λαβὼν
435 387 597 476 συνέδησεν
613 387 694 456 αῦτδι
708 390 760 453 καὶ
777 383 889 456 έκλεισε
906 389 958 454 καί
976 382 1154 468 ἐδοκίμασεν
1170 387 1198 452 ei
1216 381 1304 473 φθύ-

111 510 132 564 Ρ
149 507 185 567 ’13
200 520 303 564 νουσιν
320 495 377 572 έως
394 490 486 561 κύτω.
537 490 634 580 εῦρῶν
651 494 686 559 δέ
704 490 802 570 οῦτως
816 499 914 558 ταῦτα
920 539 931 572 ,
957 485 1110 574 ἐλθούσης
1126 495 1182 572 τῆς
1200 515 1305 576 γυναι-

200 599 254 678 κδς
278 597 372 664 αῦτοῦ
394 597 472 682 μετὰ
494 602 660 680 κλαυθμοῦ
681 602 797 662 πολλοῦ
820 599 871 662 καλ
889 595 1026 681 ῦδυρμοῦ
1043 590 1197 680 έφιύνησεν
1215 593 1304 681 αὐτῇ,

200 703 391 788 κοιμωμένης
414 698 515 785 πύσης
539 707 594 785 τῆς
617 698 733 778 πόλεως
758 697 834 783 (νύξ
860 697 919 786 γὰρ
945 689 983 782 ἦν
1008 699 1145 782 βαθεῖα)
1171 695 1218 762 δτι
1245 689 1304 764 ὧδε

199 807 404 894 κατελείφθην
436 805 612 872 ἀποθανεῖν.
664 801 735 867 ἀλλ’
767 800 864 889 ῦπαγε
896 803 948 868 καὶ
979 801 1116 890 κρυφίως
1149 797 1327 888 ἀγύρασονῦ

199 911 283 995 παχύ
315 908 461 993 σχοινίον,
488 911 538 974 καὶ
561 906 690 992 ἄλειψον
714 904 788 972 uniri
811 903 1002 994 ύγροπίσσφ,
1029 906 1079 968 καὶ
1109 901 1199 968 πάλιν
1229 904 1305 971 ἐλθε

199 1011 353 1099 μεσούσης
375 1009 492 1090 νυκτός.
542 1013 594 1076 καί
610 1007 843 1095 καταλαβούσης
859 1017 897 1098 τῇ
914 1006 1039 1095 ἐπιούσῃ
1056 1009 1140 1072 νυκτὶ
1157 1003 1305 1090 ἓχύλασεν

202 1119 313 1195 ἐκεῖνος
335 1113 411 1202 ἅπερ
435 1112 526 1198 είχεν,
552 1116 603 1180 καί
625 1110 803 1198 συνδήσασα
826 1111 847 1197 ἡ
869 1112 943 1200 γυνὴ
967 1111 1002 1178 τὸ
1024 1111 1172 1193 σχοινίον,
1198 1108 1306 1198 έσυρεν

200 1223 313 1300 ἐκεῖνος
329 1217 430 1286 ίπύνω
446 1221 496 1285 καὶ
515 1218 700 1304 προσέδησεν
718 1219 760 1294 είς
775 1216 829 1283 τὸν
847 1215 929 1282 πόδα
945 1221 1001 1282 τοῦ
1014 1217 1126 1292 ἰ’ππου,
1152 1215 1204 1278 καὶ
1227 1240 1304 1301 κρα-

202 1330 264 1394 τοῦν
288 1321 363 1390 etot
389 1323 501 1406 κατέβη
524 1318 621 1408 ῦγιής.
670 1322 790 1405 ἐποίησε
808 1321 841 1388 δέ
856 1326 963 1398 τοῦτο,
986 1320 1037 1384 ἵνα
1054 1323 1149 1408 κολλᾷ
1165 1317 1201 1382 τὸ
1219 1323 1345 1400 σχον-10

202 1429 267 1496 νίον
290 1428 323 1494 ἐκ
346 1431 403 1493 τοῦ
423 1421 621 1514 ῦγροπισσίου
643 1425 687 1502 είς
710 1423 766 1501 τὰς
784 1433 891 1511 χεῖρας
907 1423 1001 1488 αὐτοῦ
1007 1470 1017 1500 ,
1044 1420 1126 1498 ὅπως
1142 1419 1187 1504 μὴ
1205 1423 1307 1508 συρεὶς
1338 1415 1341 1420 ’

162 1529 331 1619 Βῦθρύως
355 1530 431 1616 πέοη
455 1531 506 1595 καί
528 1530 661 1617 πρηθείη,
687 1529 739 1593 καλ
759 1528 811 1592 ἵνα
833 1528 867 1593 τὸ
890 1528 1020 1610 σχοινίον
1038 1522 1231 1609 καυθήσεται
1246 1521 1304 1591 int

202 1643 258 1702 τοῦ
275 1633 372 1720 πυρὸς
386 1633 465 1717 μετὰ
482 1633 516 1699 rei
533 1639 714 1716 καταβῆναι.
764 1630 869 1714 λαβὼν
884 1633 984 1698 τοίνυν
998 1629 1053 1713 τὴν
1067 1638 1196 1713 γυναῖκα
1211 1627 1307 1694 αῦτοῦ

203 1741 254 1804 καὶ
278 1737 350 1814 τοῦς
374 1738 487 1814 παῖδας
507 1734 615 1812 νυκτὸς
634 1734 780 1816 κατέλαβε
797 1733 851 1819 τὴν
862 1729 1110 1822 Ἀδριανούπολιν
1116 1780 1126 1812 ,
1151 1756 1307 1816 μετασχη-

202 1842 368 1926 ματισθείς
391 1839 469 1906 κατὰ
492 1835 663 1924 μοναχούς,
687 1834 817 1926 χρόνους
832 1848 927 1924 τρεῖς,
953 1835 1075 1902 πάντων
1092 1836 1233 1918 οἰομένων
1248 1838 1304 1900 καὶ
1313 1835 1353 1893 15

203 1942 352 2031 λεγόντων
378 1942 424 2010 ὅτι
448 1945 496 2008 ἐπὶ
517 1949 574 2010 τοῦ
597 1945 696 2020 κίονος
719 1939 906 2025 ἐτελεύτησεν
927 1936 987 2004 sind
1004 1945 1060 2005 τοῦ
1076 1945 1175 2024 λιμοῦ.
1224 1939 1307 2023 μετὰ

204 2049 239 2114 δὲ
262 2055 359 2114 ταῦτα
382 2040 480 2128 ἦλθεν
502 2046 534 2111 έν
556 2043 946 2133 τῇΚωνσταντινουπύλει,
973 2045 1022 2110 καὶ
1039 2035 1076 2127 ἦν
1094 2045 1257 2130 διατρίβων
1273 2043 1308 2108 έν

204 2151 294 2235 αῦτῇ.
345 2150 396 2212 καὶ
424 2148 619 2234 διερχομένου
642 2154 699 2212 τοῦ
718 2149 868 2227 βασιλέως
885 2150 927 2224 είς
944 2147 1119 2234 προέλενσιν
1135 2153 1196 2212 τῶν
1214 2142 1308 2232 ἁγίων

203 2246 382 2316 ἀποστόλων
405 2246 575 2332 η’πήντησεν
592 2250 676 2337 αύτῷ
691 2251 799 2328 ineius,
826 2255 919 2318 αίτεῦν
935 2249 1025 2335 λόγον
1042 2251 1235 2331 συμπαθείας
1249 2255 1308 2314 τοῦ

201 2352 248 2437 μὴ
266 2357 457 2441 φοβηθῆναι.
504 2352 656 2438 γνωρίσας
673 2343 726 2416 οῦν
742 2359 850 2417 τοῦτον
866 2350 883 2416 ὃ
899 2353 1043 2438 βασιλεύς
1058 2349 1231 2433 ἐθαύμασε,
1251 2356 1349 2416 uasto

202 2462 289 2524 πᾶσα
312 2453 331 2540 ἢ
357 2452 522 2540 σύγκλητος
544 2454 648 2520 αὐτοῦ.
700 2453 903 2540 προεβάλλετο
926 2458 960 2522 δέ
983 2454 999 2522 ὃ
1022 2455 1166 2538 βασιλεῦς
1180 2454 1307 2542 ῦγνοιαν

204 2561 252 2626 tut
278 2566 323 2647 τῷ
348 2555 479 2644 γεγονότι
503 2559 551 2622 ἐπὶ
575 2557 628 2623 τὸν
648 2556 807 2642 ’Ῑγνύτιον,
832 2561 1002 2628 καὶπολλὰ
1027 2563 1112 2647 δοῦρα
1132 2559 1204 2636 δούς
1221 2559 1308 2647 αύτῷ

167 2673 194 2742 ⁰.
209 2662 355 2728 ἀπέλυσεν
381 2664 413 2726 ἐν
441 2659 561 2750 είρήνῃ,
587 2659 677 2728 εῐπιύν
698 2658 784 2740 “i'de,
808 2661 843 2728 ῦν
869 2665 953 2730 θέλει
981 2661 997 2728 ὃ
1024 2663 1098 2742 θεὸς
1120 2666 1189 2747 ζῆν,
1212 2665 1305 2746 χίλιοι

203 2766 259 2832 οῦκ
278 2765 519 2831 ἄποκτείνουσι.”
571 2767 622 2830 καὶ
640 2764 740 2831 {trove
757 2765 859 2849 ἔζησεν
874 2770 906 2832 ἐν
924 2765 1027 2854 είρήνη
1044 2773 1152 2854 πολλῇ.

203 2894 375 2965 glomeravit,
400 2893 567 2964 tentavitque
593 2911 653 2946 num
680 2893 714 2946 ad
738 2898 836 2946 terrem
859 2906 943 2963 usque
967 2894 1158 2966 pertingerent.
1199 2893 1304 2948 interim

204 2965 281 3018 uxori
304 2981 368 3017 suae
390 2981 446 3016 cum
469 2980 562 3032 magno
580 2964 677 3016 eiulatu
695 2971 723 3016 et
739 2963 846 3033 planctu
863 2964 1059 3034 supervenienti
1076 2970 1237 3034 conquestus
1252 2969 1303 3029 est,

203 3035 329 3085 universa
353 3031 461 3085 civitate
482 3033 635 3116 quiescente
658 3033 738 3099 (erat
755 3033 824 3086 enim
840 3033 971 3102 profunda
986 3034 1075 3102 nox),
1101 3035 1154 3086 sibi
1170 3034 1233 3086 istic
1249 3049 1302 3086 mo-

201 3100 320 3154 riendum
343 3117 416 3155 esse:
443 3101 559 3172 dixitque
581 3102 608 3154 ei
627 3095 691 3154 “abi
708 3109 736 3156 et
753 3103 897 3156 clanculum
913 3119 1029 3156 cressum
1045 3103 1185 3156 funiculum
1202 3119 1258 3155 eme
1275 3107 1304 3153 et

202 3169 304 3238 liquida
327 3170 385 3238 pice
407 3171 521 3239 inunge;
547 3171 630 3224 media
653 3179 739 3224 autem
761 3177 837 3224 nocte
854 3167 1018 3228 revertere?
1055 3189 1165 3242 cumque
1183 3170 1304 3242 sequenti

203 3245 281 3290 nocte
304 3237 349 3292 iile
370 3239 503 3304 venisset,
528 3240 626 3294 dimisit
646 3241 704 3309 ipse
726 3257 794 3310 quae
816 3241 943 3308 habebat,
970 3249 998 3294 et
1015 3241 1156 3296 funiculum
1172 3243 1205 3296 ab
1222 3257 1304 3294 uxore

202 3323 332 3360 annexum
356 3325 458 3362 sursum
481 3310 564 3362 adse
588 3311 713 3376 retraxit,
739 3319 767 3362 et
782 3311 845 3382 pedi
861 3317 965 3364 statuae
983 3312 1118 3380 alligavit,
1143 3329 1225 3382 eoque
1241 3326 1306 3380 pre-

202 3373 285 3429 henso
304 3377 438 3434 incolumis
456 3379 516 3430 inde
533 3380 678 3432 descendit.
712 3380 775 3432 fecit
791 3388 878 3432 autem
895 3380 944 3432 boc
962 3398 993 3433 eo
1012 3389 1041 3433 ut
1057 3381 1188 3434 funiculus
1205 3379 1305 3449 liquide

222 3444 263 3496 ice
281 3446 403 3500 inunctus
420 3446 537 3500 manibus
554 3448 672 3500 tenacius
689 3450 825 3516 haereret,
851 3465 883 3502 ne
902 3450 1001 3520 alioqui
1018 3468 1144 3520 praeceps
1162 3450 1306 3502 interram

202 3461 305 3568 delatus
323 3518 542 3580 contunderetur3
569 3524 596 3568 et
614 3525 642 3569 ut
658 3518 789 3571 funiculus
805 3525 942 3588 postquam
961 3537 989 3572 se
1007 3519 1153 3572 demisisset
1170 3520 1307 3572 comburo-

202 3585 286 3637 retur.
322 3585 435 3654 proinde
458 3590 590 3655 assumpta
610 3603 693 3640 uxore
712 3593 739 3639 et
753 3588 842 3641 liberis
859 3595 939 3641 noctu
956 3589 1153 3658 Adrianopolim
1170 3589 1306 3658 profectus

203 3659 259 3720 est,
281 3653 372 3723 ibique
388 3661 443 3708 tres
461 3672 542 3708 annos
559 3655 586 3708 in
604 3656 695 3710 babitu
712 3657 854 3712 monastico
873 3659 1014 3728 transegit,
1036 3659 1154 3712 omnibus
1172 3656 1306 3710 credenti-

201 3723 252 3776 bus
269 3723 468 3795 dicentibusque
485 3743 543 3778 eum
560 3725 629 3795 apud
645 3733 759 3780 statuum
774 3730 841 3780 ieme
854 3734 974 3780 enectum
988 3745 1056 3781 esse.
1091 3735 1184 3799 postea
1200 3724 1321 3796 cpolim*

202 3791 296 3859 rediit,
324 3793 412 3864 ibique
434 3802 604 3848 commoratus
622 3803 671 3849 est.
704 3796 858 3866 imperatori
875 3813 939 3850 vero
956 3798 984 3848 in
1001 3797 1170 3868 processione
1188 3795 1221 3848 ad
1238 3801 1308 3847 tem-

200 3863 271 3934 plum
289 3863 342 3916 SS.
359 3864 533 3932 apostolorum
550 3865 654 3918 obviam
671 3867 801 3933 occurrit,
820 3871 911 3935 petens
926 3867 959 3920 ab
970 3865 1017 3918 iilo
1030 3873 1059 3919 ut
1071 3867 1126 3919 eius
1138 3866 1308 3918 misereretur

202 3937 231 3984 et
256 3934 356 4002 ubsque
379 3940 449 3984 metu
471 3933 563 3988 vivere
579 3934 753 4002 permitteret.
787 3937 932 4004 imperator
950 3937 1054 3989 tandem
1070 3935 1142 3988 illum
1159 3949 1307 4004 agnoscens

200 4017 257 4054 cum
270 4003 404 4058 „universo
428 4010 520 4056 senatu
544 4003 651 4057 miratus
673 4011 724 4058 est.
759 4021 848 4057 verum
865 4003 1007 4072 imperator
1023 4007 1095 4058 facto
1112 4003 1306 4076 ignorationem

198 4072 364 4188 qqaetendit,
399 4077 427 4122 et
457 4070 543 4124 multis
573 4073 707 4126 beneficiis
730 4075 860 4144 ignatium
886 4073 1004 4127 efficiens
1027 4075 1173 4128 indemnem
1196 4071 1305 4134 dimisit,

219 4138 290 4194 'cens
310 4137 392 4196 “ecee
418 4156 494 4209 quem
518 4141 582 4193 deus
605 4143 663 4196 vult
684 4144 790 4210 vivere,
817 4143 885 4196 millo
907 4143 1025 4196 homines
1042 4160 1094 4196 non
1112 4135 1305 4198 interficient?

199 4217 233 4259 ex
250 4227 281 4264 eo
298 4212 381 4282 igitur
397 4213 517 4282 tempore
534 4209 653 4280 [gastim
669 4228 763 4285 magna
780 4229 837 4270 oum
854 4213 1043 4284 tranquillitate
1061 4211 1137 4269 vixit.
