2808 4616
342 209 511 276 BREVES
537 209 743 276 ENARRAT.
771 211 1020 282 GHRONOGR.
1161 214 1233 286 185

131 405 182 470 καὶ
207 396 365 482 Συλβοίνος
387 395 467 486 ὃριῖιν
489 398 524 465 τὸ
549 397 626 486 πρὸς
646 403 841 486 μεσημβρίαν
859 399 983 482 ζάδιον,
1010 405 1051 480 εἷς
1067 403 1102 469 τὸ
1120 401 1182 472 ἀνω
1199 404 1249 472 τίν’

131 505 205 592 γόνυ
223 503 360 589 καμήλου
378 505 462 587 δίκην
479 501 680 586 κεκμηκότος,
706 503 765 590 ἔφη
785 501 901 583 ιικαλὸς
918 503 933 569 ὃ
952 505 1235 590 στοιχειωσάμενος·

134 613 232 696 καιροί
257 610 314 694 γὰρ
341 610 387 672 ἐπὶ
410 605 519 674 τούτου
544 605 686 692 ἀγόνατοι
709 607 862 673 ίσονται.”
916 606 985 674 dria*
1002 608 1128 697 Κιίρβος
1145 614 1176 677 έν
1192 619 1237 700 τῷ

135 713 223 801 δήμῳ
253 710 332 798 ὁριίίν
363 709 442 778 εἶπεν
477 703 525 777 “ai
557 714 650 795 δῆμε,
690 711 734 776 δι’
768 711 802 777 ὃν
833 711 937 796 δήμιοι
967 714 1234 801 περισσεάσουσι.”

108 819 251 898 5Πέλιυψ
286 816 319 879 δέ
350 816 422 892 τοὺς
454 813 545 902 ὅρους
570 822 631 880 τῶν
653 817 755 880 ἵππιον
782 813 862 904 ὁρῶν
889 814 950 882 εἶπε
970 815 1073 896 “τίνος
1098 819 1133 884 τὸ
1160 817 1237 907 πρό-

131 927 235 1004 βλημα
243 919 278 1002 ,·'’
310 919 476 986 Θεοδοσίου
501 920 534 984 da*
553 907 708 1006 φήσαντος
729 916 1024 1002 “Κιονσταντίνου,”
1054 926 1145 988 εἰπεῖν
1162 925 1238 988 daei-

131 1050 182 1090 νον
203 1021 244 1107 “r'p'
266 1020 439 1109 φιλόσοφος
456 1021 569 1110 ἀκυρος
586 1021 606 1106 ἢ
624 1023 769 1105 βασιλεὺς
786 1025 841 1089 οὐκ
859 1022 1016 1109 bipeda?
1071 1023 1153 1114 έοίρα
1177 1028 1237 1114 γὰρ

131 1127 255 1216 Κράνος
272 1124 288 1190 ὃ
307 1125 477 1213 φιλόσοφος
493 1123 697 1214 θηλέμορφόν
714 1153 743 1192 τι
760 1126 866 1207 {uidcor
876 1177 886 1207 ‚
911 1130 1105 1216 τετραμερίσι
1123 1133 1233 1210 ζωδια-
1250 1143 1274 1196 D

132 1241 196 1308 κοΐς
219 1227 381 1317 γριίμμασι
405 1231 629 1316 γεγραμμένον,
655 1234 706 1294 καί
730 1229 808 1296 εἶπεν
829 1225 878 1298 “oi
900 1235 1118 1320 τιτραπέρατι,
1145 1237 1176 1312 ἐξ
1201 1226 1237 1300 οὗ

88 1333 149 1401 lod
175 1338 406 1410 Κιονστοιντῖνος
430 1337 481 1398 καὶ
505 1334 651 1418 ἀπέρατοι
673 1333 826 1399 έσονται.”
880 1333 987 1420 Κάρος
1005 1339 1037 1402 δέ
1053 1341 1238 1426 προτραπεὶς

131 1440 218 1525 παρὰ
243 1446 306 1512 τοῖς
332 1436 513 1525 φιλοσόφοις
537 1441 668 1518 λαλῆσαι
692 1439 785 1524 φησίν
813 1434 971 1520 “ιλυστυχῆ
996 1466 1051 1523 μοι
1074 1441 1113 1505 τὰ
1138 1440 1238 1506 πάντα

133 1545 289 1629 φαίνεται,
316 1539 362 1606 ὅτι
380 1545 407 1607 εἷ
422 1548 520 1607 ταῦτα
536 1540 575 1604 τά
593 1551 742 1623 στοιχεῖα,
765 1537 807 1618 ὡς
824 1547 1002 1627 πειρῶνται,
1021 1539 1237 1628 ἀληθεύουσιν,

129 1647 183 1711 ’ίνοι
207 1673 236 1711 τι
259 1642 279 1729 ἡ
304 1642 623 1721 Κωνσταντινοιίπολις
639 1646 799 1729 συνέστηκε
807 1645 842 1728 ,·”
871 1644 995 1733 Κράνος
1013 1649 1061 1726 ιλέ,
1088 1644 1170 1724 ὅστις
1187 1649 1239 1712 καλ

133 1750 274 1833 λογιστὴς
296 1757 351 1832 τῆς
369 1749 542 1833 Ἀθηναίων
562 1751 748 1836 φιλοσοφίας
764 1751 896 1834 ἐλέγετο,
921 1755 1045 1832 μειδιῶν
1062 1749 1237 1817 inexorata.

88 1860 189 1924 15τοῧ
206 1855 238 1918 da*
253 1854 405 1936 βασιλέως
421 1853 652 1934 πυνθανομένου
673 1850 778 1937 “algui
798 1851 922 1937 areta?
951 1855 1129 1940 ἀπεκρίνατο
1152 1858 1238 1919 ἕνον-

81 2033 83 2038 ⁴
132 1960 199 2035 σία,
225 1956 260 2022 τὸ
285 1963 385 2022 πλεῖον
407 1963 502 2040 γελῶν
520 1959 571 2021 καὶ
587 1954 744 2022 σκώπτων.
794 1954 973 2043 Νάρκισσος
991 1959 1023 2022 ἀί
1040 1954 1279 2044 πραιπόσιτοςΕ

134 2062 242 2124 δίδωσι
266 2067 310 2148 τῷ
335 2057 497 2148 φιλοσόφῳ
522 2059 716 2146 ῥαπίσματα,
743 2059 833 2126 sinodo
859 2059 937 2147 πρὸς
961 2059 1053 2128 αὐτόν
1074 2058 1140 2150 “spi
1162 2057 1238 2149 ἡλίῳ

135 2159 177 2240 ὥς
198 2159 273 2250 ἡλίῳ
298 2162 479 2249 ἀποκρίνου,
505 2161 613 2240 σκότος
634 2161 813 2250 troppau?
866 2171 921 2229 τοῦ
946 2165 979 2228 δέ
1002 2167 1052 2229 καὶ
1070 2163 1126 2249 τὴν
1144 2163 1239 2248 ἀλλην

135 2267 340 2352 στρέψαντος,
367 2263 531 2334 ottocari
556 2265 741 2352 Νάρκισσος.
793 2263 809 2330 ὅ
836 2267 868 2330 δὲ
892 2266 1063 2356 φιλόσοφος
1085 2275 1129 2356 τῷ
1147 2273 1239 2354 Ναρ-

89 2372 230 2458 waldorp
254 2369 313 2458 ἔφη
334 2365 395 2436 “od
420 2370 473 2434 διὰ
495 2371 529 2436 σέ
550 2368 694 2452 λαλήσω,
722 2370 801 2434 ἀλλὰ
818 2379 882 2447 τοῖς
898 2369 1060 2457 γράμμασι
1076 2369 1238 2438 ἀυσωποιί-

132 2472 257 2558 μενος.”
309 2471 345 2540 τὸ
370 2475 404 2540 dd
426 2470 592 2560 πρόβλημα
614 2480 670 2539 τοῦ
694 2471 820 2560 Κριίνου
843 2472 980 2540 τοιοῦτόν
1005 2479 1095 2542 ἐστιν.
1146 2474 1239 2562 ᾔτησε

131 2578 186 2644 τὸν
201 2576 330 2659 βασιλέα
346 2575 384 2642 τὰ
402 2579 434 2643 έν
450 2584 495 2665 τῷ
513 2579 624 2665 ἱππικῷ
641 2589 775 2661 στοιχεῖα
790 2576 981 2644 θεάσασθαι.
1032 2583 1126 2645 εἵλετο
1144 2579 1239 2667 εὐθὺς

135 2683 255 2757 ἐκεῖνος.
305 2678 369 2744 ἔστι
392 2681 427 2746 δὲ
450 2677 656 2768 ἀνδροιίκιλόν
678 2707 709 2746 τι
730 2681 871 2766 ἄγαλμα,
897 2685 1115 2772 ίπικεφιιλαίοιν
1130 2690 1168 2770 τῇ
1187 2708 1237 2748 κι-

132 2916 257 2968 fortunae
282 2903 471 2965 concurrere.”
505 2912 640 2978 Sylranus
662 2912 758 2966 videus
782 2913 883 2984 signum
908 2913 942 2968 ad
965 2913 1099 2968 meridiem
1123 2912 1239 2982 positum

135 2984 208 3036 elato
225 2998 294 3051 genu
311 2981 404 3037 cameli
420 2981 504 3034 instar
523 2983 587 3036 sessi
605 2983 645 3036 ait
667 2977 838 3053 “praeclarus
860 3002 904 3050 es,
930 2983 1002 3038 cuins
1020 2984 1069 3036 boc
1087 2981 1189 3052 siguum
1206 2999 1239 3036 ao

134 3053 220 3122 figura
245 3059 300 3106 est:
327 3068 385 3102 nam
410 3057 527 3119 tempora
551 3054 664 3105 aderunt
681 3053 755 3121 queis
774 3072 861 3122 genua
877 3048 994 3107 desint.”
1030 3055 1136 3106 Curvus
1154 3069 1239 3122 popu-

135 3123 189 3174 lum
215 3119 381 3189 conspicatus
407 3119 476 3172 dixit
498 3114 533 3172 “o
556 3123 666 3190 popule,
693 3122 766 3174 cuius
785 3141 864 3176 causa
881 3125 954 3176 multi
971 3124 1054 3177 futuri
1071 3115 1238 3175 carnifices.”

135 3190 231 3260 Pelops
251 3206 375 3260 equorum
394 3198 475 3242 metas
494 3189 600 3242 intuens
622 3186 714 3245 “cuius
729 3187 906 3280 problema?’'
932 3193 1025 3262 inquit.
1061 3191 1237 3260 respondente

136 3261 287 3314 Theodosio
304 3251 527 3324 “Constantium''
542 3261 647 3326 reponit
663 3263 706 3314 iile
721 3258 788 3314 ‘aut
804 3263 974 3330 pbilosopbus
993 3279 1076 3314 vanus
1094 3270 1138 3314 aut
1155 3261 1238 3330 impe-

136 3339 214 3386 rator
237 3347 289 3382 non
311 3323 421 3381 verus.”
456 3346 535 3397 porro
553 3331 638 3380 Carus
656 3332 781 3384 muliebre
799 3332 928 3399 quoddam
945 3334 1046 3400 signum
1064 3331 1156 3384 videns
1173 3347 1239 3400 qua-

138 3400 221 3452 dratis
247 3399 359 3450 Zodiaei
382 3398 473 3466 figuris
499 3399 690 3486 conscriptum,
723 3401 791 3452 dixit
817 3395 853 3451 “o
880 3401 1098 3470 quadritermine,
1125 3417 1158 3452 ex
1184 3417 1237 3469 quo

139 3468 307 3522 Constantini
331 3469 429 3520 infiniti
454 3463 617 3536 emergent'
652 3470 720 3521 idem
739 3480 824 3522 autem
843 3471 927 3522 Carus
944 3469 1061 3538 utloqui
1079 3483 1238 3540 pergerens

136 3538 298 3608 pbilosophis
324 3537 483 3602 admonitus,
510 3537 550 3588 ait
570 3532 753 3591 “infortunata
773 3539 837 3590 mibi
860 3539 943 3592 omnis
964 3539 1103 3604 videntur,
1130 3539 1193 3622 quia
1216 3538 1241 3590 si

137 3609 203 3660 baec
220 3608 312 3677 signa,
337 3615 367 3659 ut
385 3615 513 3658 conantur
529 3623 661 3672 asserere,
685 3626 749 3659 vera
767 3607 872 3676 dicunt,
899 3625 946 3660 cur
964 3609 1054 3678 Cpolis
1071 3601 1236 3660 consistiti'’

138 3678 239 3730 Oranus
258 3693 337 3742 vero,
364 3677 410 3745 qui
427 3684 454 3727 et
469 3676 636 3728 Atheniensis
653 3676 831 3746 philosophiae
848 3677 956 3748 logistes
971 3678 1126 3745 dicebatur,
1151 3676 1238 3730 subri-

138 3745 202 3800 dens
220 3747 391 3814 coocyzabut.
427 3745 578 3798 sciscitante
593 3753 680 3799 autem
694 3747 853 3815 imperatore
871 3747 935 3816 quid
952 3764 1047 3800 causae
1064 3753 1150 3814 esset,
1174 3763 1238 3800 con-

136 3817 222 3870 traria
246 3816 393 3885 respondit,
419 3815 526 3868 multum
550 3815 639 3868 ridens
662 3821 691 3867 et
714 3815 851 3868 cavillans.
884 3815 1022 3870 Narcissus
1043 3834 1105 3870 vero
1125 3832 1239 3888 praepo-

139 3886 206 3938 situs
231 3885 384 3954 philosopho
409 3886 499 3953 alapas
521 3884 642 3953 impegit,
667 3885 731 3938 talia
754 3885 862 3952 loquens
883 3881 951 3937 “soli
974 3896 1004 3940 ut
1027 3888 1077 3939 soli
1098 3884 1236 3954 responde,

140 3955 185 4022 qui
202 3957 327 4008 tenebrae
343 3949 403 4008 es.”
437 3955 481 4008 illo
500 3962 585 4007 autem
604 3953 710 4007 aiteram
727 3955 856 4008 maxillam
872 3956 1013 4021 tendente,
1037 3957 1147 4008 alteram
1168 3953 1238 4004 Nar-

140 4023 225 4076 cissus
250 4024 296 4076 dat
321 4024 431 4093 alapam.
465 4023 635 4093 philosophus
659 4042 723 4077 vero
749 4023 875 4084 Narcisso
901 4025 969 4078 dixit
989 4019 1062 4077 “nou
1087 4031 1134 4076 tua
1157 4039 1238 4076 causa

138 4091 249 4159 loquar,
272 4092 318 4144 sed
335 4095 398 4162 quia
414 4094 507 4162 figuris
524 4093 697 4146 reverentiam
714 4085 829 4147 habec.”
866 4093 949 4146 Grani
964 4093 1097 4163 problema
1114 4091 1167 4142 tale
1185 4100 1237 4147 est.

136 4159 247 4228 rogarit
268 4159 451 4229 imperatorem
469 4167 499 4216 ut
514 4163 566 4216 ribi
581 4163 656 4232 signa
672 4163 698 4216 in
717 4165 796 4216 Circo
814 4163 902 4231 posita
919 4172 1041 4233 spectare
1057 4161 1160 4212 liceret.
1192 4160 1239 4214 ille

135 4228 342 4301 propositionem
368 4232 480 4304 accepit.
527 4237 570 4286 est
596 4239 683 4288 autem
706 4232 745 4288 ibi
768 4232 854 4288 virilis
876 4239 982 4299 statua,
1010 4227 1114 4300 galeato
1139 4229 1237 4301 eapite,
