2802 4636
178 283 230 352 44
514 227 732 348 cnonclns
756 279 943 346 conanus

176 461 331 557 καροόχαν
353 464 482 554 ἤνεγκαν
501 466 561 534 ἀπό
581 473 636 534 τοῦ
655 467 884 556 Φιλαδελφίαν,
910 461 954 545 ὥς
971 465 1005 532 δέ
1022 463 1039 532 ὃ
1057 459 1287 554 διακρινόμενος

176 575 269 662 λέγει,
294 571 354 638 ἀπὸ
371 569 578 660 Μαγναόρας.

82 719 156 773 1³25
271 707 319 774 ‘H
338 709 370 774 έν
393 715 437 799 τῷ
461 704 549 798 φόριρ
570 712 696 775 τεθεῖσα
719 701 815 791 στήλη
831 705 948 784 παλλδις
962 702 1120 796 όμνῳδίας
1136 705 1286 789 δεξαμένη

173 816 217 892 είς
239 809 334 898 τόχην
357 819 412 897 τῆς
435 809 553 891 πόλεως
568 809 784 900 προσεκυνήθη
802 811 888 898 παρὰ
904 807 1043 889 πόντων,
1068 806 1237 894 ὗψωθεῖσα
1255 812 1286 875 έν

172 923 217 1006 τῷ
248 919 341 996 κίονι,
375 920 432 981 τοῦ
463 917 566 1004 ἱερέως
589 915 667 1000 μετὰ
689 921 745 998 τῆς
769 920 854 999 λιτῆς
879 910 1105 1001 παρεστηκότος
1128 916 1179 978 καί
1206 915 1308 998 perdo

172 1027 309 1107 κραυγῆς
341 1019 376 1085 τὸ
409 1015 493 1106 κόριε
526 1021 648 1106 ε’λέησον
676 1025 813 1101 βοῶντος
838 1015 1048 1098 ἱκατονεόκις,
1083 1019 1135 1082 καί
1162 1016 1285 1084 ίίνωθεν

172 1127 266 1191 ἐκεῖσε
293 1125 341 1189 ε’πλ
366 1121 423 1208 τὴν
448 1124 586 1212 κεφαλὴν
611 1129 668 1189 τοῦ
692 1125 791 1199 κίονος
814 1121 914 1187 πολλὰ
937 1122 1089 1205 ἐτέθησαν
1110 1123 1283 1204 θαυμαστὰ

169 1230 222 1293 καὶ
245 1223 420 1316 παρόδοξα.
471 1230 522 1292 καί
547 1223 716 1313 πανήγυρις
740 1229 809 1313 περὶ
832 1222 941 1291 τοότου
958 1226 1059 1311 γέγονε
1075 1249 1283 1314 τεσσαρακον-

169 1328 325 1419 θήμερος,
351 1334 403 1396 καί
428 1331 585 1419 αιτηρέσια
609 1329 708 1396 πολλὰ
730 1325 799 1396 τότε
816 1326 832 1394 ό
849 1330 995 1412 βασιλεὺς
1011 1330 1134 1394 δέδωκε.
1185 1335 1226 1418 τῇ
1251 1331 1285 1394 δὲ

169 1432 315 1523 έπαόριον
330 1433 366 1500 τὸ
383 1435 540 1521 γενέθλιον
557 1440 614 1520 τῆς
630 1431 746 1511 πόλεως
761 1433 880 1518 γέγονε,
905 1436 956 1499 καὶ
972 1432 1050 1520 μέγα
1067 1431 1281 1520 ἱπποδρόμιον,
1290 1447 1323 1500 10

169 1534 220 1604 ὅτε
236 1535 257 1624 ἡ
275 1535 364 1614 πόλις
379 1536 552 1624 ὠνομάσθη
570 1535 902 1616 Κωνσταντινοόπολις.

273 1673 339 1740 Τὸν
356 1674 391 1740 δέ
408 1677 450 1754 είς
466 1675 501 1742 τὸ
521 1677 732 1766 Φιλαδέλφιον
748 1673 823 1742 όντα
839 1671 973 1762 σταυρόν
990 1671 1153 1757 ἀνέστησεν
1166 1669 1182 1740 ὃ
1197 1672 1284 1758 ἅγιος

130 1779 404 1855 ΒΚωναταντίνος
433 1779 482 1842 tut
512 1781 612 1858 κίονος
641 1779 871 1867 κεχρυσωμένον
903 1779 955 1844 διὰ
979 1778 1078 1842 λίθων
1100 1780 1151 1842 καί
1174 1773 1282 1854 thor,

169 1880 249 1948 κατὰ
277 1881 331 1948 τδν
361 1885 545 1971 σταυροειδῆ
575 1881 671 1952 τόπον
695 1884 730 1951 ὃν
754 1881 831 1950 είδεν
854 1883 886 1949 ἓν
910 1887 955 1972 τῷ
981 1881 1102 1970 οὐρανῷ
1108 1929 1119 1961 ,
1151 1883 1204 1946 καὶ
1228 1887 1284 1948 τοῦ

168 1987 268 2064 κίονος
290 1985 403 2053 ἐκείνου
422 1993 479 2054 τοῦ
494 1995 669 2078 πορφυροῦ.
718 1991 770 2054 καί
786 1989 907 2072 ἐποίησε
923 1981 1038 2071 στήλας
1053 1991 1115 2050 τῶν
1130 1985 1206 2050 υἲῶν
1224 1987 1322 2050 cri-lo

167 2096 242 2171 τοῦ,
268 2092 320 2156 καὶ
343 2087 495 2158 ἐτόνωσεν
518 2093 567 2156 ini
589 2090 708 2182 θρόνον
732 2093 932 2174 καθέζεσθαι.
983 2085 1075 2154 ἐποίει
1097 2088 1132 2154 δέ
1154 2089 1282 2155 καὶτὸν

167 2195 252 2258 κίονα
274 2194 403 2274 ἐκεῖνον,
429 2195 566 2280 ἱστορίας
582 2193 690 2278 ἔχοντα
707 2197 739 2260 έν
757 2195 840 2282 crispi
857 2190 1020 2272 ἕνζώδους,
1046 2194 1097 2258 καί
1113 2189 1283 2278 γρόμματα

163 2294 326 2378 Ῥωμαίοις
347 2295 385 2360 τὰ
410 2293 525 2379 έσχατα
549 2297 746 2380 σημαίνοντα.
796 2301 904 2364 ’ίστατο
930 2297 963 2362 δέ
987 2295 1128 2382 ἄντικρὺς
1144 2303 1205 2362 τῶν
1222 2294 1281 2361 doio

168 2399 243 2464 vicia
275 2397 371 2464 αότοῦ
397 2405 459 2466 τῶν
485 2401 534 2465 tut
557 2399 676 2488 θρόνου
700 2401 913 2486 καθεζομένων
937 2401 988 2467 καί
1010 2406 1072 2466 τῶν
1094 2398 1195 2465 ἄλλων
1218 2407 1281 2465 τῶν

167 2503 396 2587 ἀσπαζομένων.
1288 2515 1322 2568 20

239 2711 460 2788 ’ίέτελίαθησαν
476 2719 509 2774 C.
626 2713 880 2786 11μετωνοαοίσθη
900 2717 933 2770 C.
1046 2718 1081 2771 12
1098 2735 1126 2786 p.
1144 2715 1178 2770 19
1196 2714 1279 2768 Band.

239 2785 274 2840 13
291 2786 499 2857 κεχρυσωμένον
516 2789 548 2843 C.
639 2791 671 2842 14
687 2783 808 2854 σταυρόν
825 2781 889 2854 ἤτοι
906 2783 996 2842 τόπον
1013 2787 1081 2840 Bau.
1160 2786 1198 2839 16
1216 2778 1280 2836 οίνε-

238 2853 363 2910 τόπωσεν
374 2859 407 2911 C.
478 2860 512 2916 17
525 2856 624 2928 έχοντα
636 2853 666 2910 έν
679 2853 756 2926 αὐτῷ
767 2852 832 2924 dat]
851 2855 987 2924 περιέχειν
998 2851 1049 2918 τοὶς
1059 2851 1166 2907 τούτων
1178 2848 1232 2916 ένζ.
1247 2856 1280 2906 C.

238 2927 274 2980 18
287 2921 412 2997 Ῥωμαῖα
429 2929 484 2983 τῶν
501 2923 623 3000 έσγοίτιος
634 2923 790 2996 μελλόντων
804 2925 932 2995 γίνεσθαι
943 2928 976 2980 0.
1058 2924 1092 2978 19
1108 2920 1229 2990 θρόνοις
1244 2925 1278 2978 Ο.

187 3114 243 3168 rius
266 3117 355 3168 statua
376 3113 445 3184 fori,
489 3131 547 3167 nam
572 3113 634 3167 inde
658 3131 737 3168 curru
760 3115 788 3168 in
811 3116 897 3168 forum
921 3114 1100 3182 devexerunt,
1125 3112 1171 3168 vei
1186 3121 1217 3168 ut
1233 3112 1279 3166 atii
1384 3115 1385 3184 i

167 3134 276 3236 diverse
292 3183 418 3250 uadunt,
446 3200 461 3235 a
510 3201 618 3236 anaura.

271 3251 369 3306 Statua
393 3254 421 3305 in
443 3254 504 3306 foro
528 3254 618 3323 posita
640 3251 780 3323 multisque
801 3252 934 3306 celebrata
954 3251 1105 3322 hymnodiis
1123 3258 1154 3304 ut
1171 3251 1279 3306 fortuna

167 3321 241 3374 urbis
260 3323 294 3374 ab
312 3322 430 3376 omnibus
446 3321 625 3390 adorabatur,
652 3329 741 3376 erecta
757 3340 838 3394 supra
855 3323 1014 3389 columnam,
1039 3322 1178 3376 sacerdote
1200 3338 1279 3392 prae-

168 3396 243 3444 sente
267 3407 326 3444 cum
347 3407 378 3443 au
397 3391 542 3462 plicatione
559 3399 587 3445 et
605 3393 705 3446 centies
723 3392 852 3446 clamante
873 3387 979 3460 “Kyrie
995 3385 1125 3446 eleison.'’
1160 3391 1279 3460 capitulo

166 3467 254 3516 antero
272 3461 329 3513 eius
345 3410 480 3515 coiimnae
495 3461 646 3516 admiranda
662 3463 789 3546 quaedam
802 3471 829 3516 et
839 3461 997 3516 miraculosa
1008 3461 1280 3532 superimposuerunt,
1384 3503 1385 3506 ,

166 3536 196 3582 et
217 3529 326 3583 solenne
349 3531 446 3585 festum
463 3536 534 3586 totos
551 3532 728 3602 quadraginta
744 3533 802 3587 dies
819 3537 907 3584 actum
924 3532 991 3598 suit,
1020 3540 1101 3599 atque
1118 3531 1176 3600 ipse
1192 3530 1278 3600 impe-

166 3603 241 3653 rator
267 3599 401 3670 copiosam
425 3617 553 3655 annonam
578 3601 722 3657 distribuit.
757 3605 889 3656 caeterum
914 3601 1043 3671 postridie
1061 3601 1185 3654 natalicia
1204 3601 1279 3652 urbis

166 3669 302 3792 gelepirata
324 3675 401 3739 suut,
425 3677 454 3725 et
477 3670 563 3742 magni
585 3672 728 3726 circumeo
749 3672 816 3740 acti,
843 3688 929 3742 eoque
946 3671 990 3724 die
1006 3671 1069 3725 urbs
1086 3671 1220 3726 nominata
1236 3677 1280 3722 est

211 3757 269 3794 οε.

191 3757 209 3810 p
271 3809 383 3862 Crucem
405 3810 434 3862 in
456 3803 640 3881 Philadelphio
665 3811 749 3865 erexit
773 3811 964 3864 Constantinus
979 3826 1089 3880 magnus
1107 3825 1189 3878 supra
1206 3807 1278 3860 coiu-

166 3895 252 3931 nmam
282 3879 428 3932 inauratam
461 3888 488 3932 et
515 3880 628 3949 lapideis
655 3882 801 3950 vitreisque
827 3881 925 3934 crustis
950 3879 1090 3948 intextam,
1122 3879 1156 3932 ad
1180 3877 1278 3944 crucis,

167 3966 244 4018 quam
270 3947 298 4000 in
325 3949 397 4000 coeio
424 3949 505 4016 vidit,
534 3959 562 4002 et
587 3949 722 4004 columnae
746 3951 950 4020 porphyreticae
974 3951 1091 4004 formam.
1137 3957 1278 4018 praeterea

167 4035 273 4088 quoque
298 4017 360 4070 filiis
386 4017 441 4072 suis
466 4025 567 4073 statuas
583 4021 672 4090 posuit
688 4022 785 4073 throno
803 4019 961 4087 insidentes,
984 4027 1012 4072 et
1030 4039 1044 4072 e
1061 4039 1090 4074 re
1110 4020 1171 4070 ione
1187 4033 1276 4070 earum

168 4085 310 4140 columnam
341 4087 547 4159 hieroglyphicis
575 4090 645 4142 notis
668 4090 835 4158 inscriptam,
868 4105 936 4157 quae
961 4086 1077 4142 ultimum
1128 4103 1277 4140 omanorum

167 4172 252 4208 rerum
277 4163 374 4210 statum
395 4159 480 4212 variis
500 4159 592 4228 figuris
610 4159 807 4228 praenuntiant.
842 4161 931 4210 stabat
947 4165 1032 4210 autem
1048 4177 1065 4210 e
1082 4159 1189 4228 regione
1207 4157 1278 4208 filio-

167 4241 234 4344 ruml
242 4227 412 4282 Constantini
429 4230 530 4300 magni,
548 4229 593 4299 qui
611 4229 639 4281 in
657 4229 760 4282 thronis
776 4227 884 4294 sedent,
902 4236 929 4281 at
946 4243 1035 4281 eorum
1053 4229 1098 4297 qui
1116 4227 1276 4281 seinvicem

164 4309 223 4362 amp
235 4305 366 4352 ectuntur.
