2802 4636
186 297 237 368 60
523 299 742 370 GEORGws
769 301 956 371 uomitus

186 495 306 556 αολῖται
331 491 382 554 καὶ
405 485 614 572 ὃψικεάοντες,
641 488 741 556 ἐπάνω
765 490 903 578 ἅρματος
920 491 1062 579 φίροντες
1078 483 1151 576 ἦγον
1168 492 1227 570 {tog
1244 499 1299 560 τοῦ

186 591 343 676 στάματος
369 592 429 657 ἀπὸ
455 599 516 657 τῶν
542 593 723 678 καγκίλλωυ.
774 601 865 660 τοῦτο
894 595 928 659 δὲ
955 595 1126 674 ίξετίλονυ,
1161 597 1212 660 ὅτε
1244 605 1299 681 τῆς

146 695 305 773 Βπάλεοις
327 693 470 782 ἓόρτιιζον
492 695 527 762 τὸ
551 697 717 782 γενέθλιον.
768 699 861 764 ίκεῖσε
882 699 916 763 δὲ
935 695 1057 778 ἴνζιοδοι
1074 695 1298 784 ἓστηλιῦθησαυ
1383 749 1384 784 ,

186 804 229 878 είς
253 800 325 876 τοὺς
350 799 405 866 δάο
428 802 531 878 κίονας
554 797 570 866 ὃ
594 801 706 884 Ἀδὰμ
729 804 780 866 καὶ
804 798 824 886 ἦ
849 801 934 881 Eia,
960 805 1012 866 καὶ
1035 799 1055 886 ἢ
1077 803 1220 887 Εὗθηνία
1244 808 1297 868 κοιλ

185 900 336 988 δΛιμάς.
1303 917 1318 971 5

284 1009 336 1072 Ἐν
360 1013 404 1095 τῷ
427 1007 577 1096 λεγομένῳ
601 1007 698 1091 λιμίνι
719 1012 775 1073 τοῦ
791 1007 930 1093 Νεωρίον
947 1012 1024 1089 βοῦς
1037 1009 1144 1073 ἵστατο
1159 1015 1296 1090 χαλκοῦς

185 1112 483 1196 παμμεγεθέστατος.
536 1107 656 1197 κράζειν
681 1112 714 1176 δὲ
737 1110 830 1176 αὐτὸν
852 1110 954 1195 ἔλεγον
978 1107 1020 1186 ὡς
1041 1117 1119 1193 βοῦν
1141 1115 1217 1194 μίαν
1239 1121 1294 1178 τοῦ

185 1217 339 1294 ἕνιαυτοῦ,
365 1217 417 1280 καί
450 1218 589 1301 γίνεσθαι
622 1212 818 1304 παράπτωμά
848 1211 877 1280 τί
911 1215 942 1278 ἐν
964 1215 1060 1302 ἐκείνη
1084 1220 1124 1303 τῇ
1147 1212 1249 1307 ἦμίρρι
1274 1209 1295 1304 ᾖ

184 1316 317 1407 ἴκραξεν.

288 1423 469 1507 Μαυρικίου
493 1419 589 1504 στήλη
612 1422 664 1484 καὶ
687 1426 742 1504 τῆς
763 1420 905 1506 γυναικὸς
925 1423 976 1484 καὶ
991 1427 1053 1486 τῶν
1068 1419 1179 1485 τίκτων
1197 1420 1330 1488 αάτοῦλθ

182 1529 290 1593 iurato
319 1527 351 1590 is
374 1531 412 1612 τῇ
432 1529 552 1612 χαλκῇ,
579 1522 700 1590 άναιθεν
724 1531 780 1608 τῆς
803 1527 989 1610 θεανδριιιῆς
1012 1521 1142 1603 είκάνος,
1169 1525 1292 1592 ἐκτετα-

183 1631 277 1714 μίνας
302 1630 358 1707 τὰς
381 1638 488 1716 χεῖρας
512 1627 645 1712 ἔγουσαι.
695 1625 750 1694 ὑπ’
771 1627 866 1694 αὐτοῦ
882 1629 917 1694 δὲ
932 1633 986 1692 τοῦ
1004 1630 1182 1713 Μαυρικίον
1200 1655 1290 1696 κατε-

183 1732 410 1818 σκευάσθησαν.
463 1732 495 1797 αἳ
518 1734 552 1798 δὲ
574 1734 677 1796 λοιπαὶ
699 1733 733 1797 ἐκ
756 1738 811 1815 τῆς
833 1732 894 1798 τῶν
914 1731 1100 1816 Ἀθηναίων
1115 1730 1209 1817 ἥκασι
1225 1741 1291 1818 γῆς.

185 1835 357 1927 φιλοσόφον
382 1838 419 1901 δι’
440 1861 535 1923 φασιν
558 1832 649 1916 εἶναι,
676 1833 718 1914 ὡς
740 1835 816 1920 λίγει
838 1837 889 1900 καί
909 1831 1107 1921 ὃΛιγάριος.
1157 1837 1236 1918 μετὰ
1252 1838 1287 1902 τὸ

92 1958 115 2012 Ρ
132 1957 167 2014 33
184 1950 339 2030 σφαγῆναι
356 1941 441 2026 παρὰ
458 1947 512 2006 τοῦ
528 1937 677 2027 τυράννου
697 1943 794 2005 &mxci
810 1939 1003 2026 Μαυρίκιον,
1025 1935 1068 2015 εἷς
1084 1965 1130 2016 τις
1148 1939 1288 2018 διάκονος
1295 1946 1327 2002 lt

181 2053 242 2114 τῶν
264 2051 416 2130 μαθητῶν
438 2045 590 2128 Εὐτυχίαν
612 2050 669 2109 τοῦ
691 2044 859 2132 αἱρετικοῦ,
884 2039 1009 2127 ὀνόματι
1028 2041 1187 2123 ”Λκατος,
1214 2044 1287 2110 ἰδών
1385 2025 1386 2088 i

180 2147 369 2235 ἡττηθέντας
392 2149 464 2224 τοὺς
488 2151 555 2234 περὶ
580 2147 676 2213 αὐτοῦ
701 2146 921 2227 διδασκάλους,
948 2147 1083 2223 κάκεῖνος
1107 2145 1288 2234 ἀποδράσας

182 2256 330 2334 κατέλαβε
352 2247 483 2335 κάστρον
507 2275 537 2314 τι
553 2248 741 2332 καλούμενον
758 2254 949 2338 Σεραπίωνα.
999 2256 1089 2316 τοῦτο
1107 2251 1141 2316 δὲ
1157 2250 1286 2336 ἕτάγχα-

180 2381 229 2420 νιν
253 2353 287 2420 δν
309 2351 342 2417 (ἓν
366 2359 426 2417 τῶν
450 2350 534 2438 παρὰ
554 2353 692 2436 Πίρσαις
708 2352 828 2438 ῥηγίαιν.
879 2352 1065 2438 καταμηνύει
1083 2353 1115 2418 δὲ
1130 2357 1285 2444 Περιττίῳ

180 2465 224 2550 rui
242 2452 429 2548 φρουράρχῳ
446 2455 485 2520 τὰ
501 2461 556 2540 τῆς
572 2453 734 2532 ἀσθενείας
750 2462 811 2522 τῶν
824 2457 855 2522 ἔν
867 2462 906 2545 τῇ
918 2455 1096 2542 Χαλκηδόνι
1110 2457 1325 2540 οἲκοάντωυ,λο

247 2635 266 2689 4
282 2629 404 2699 εὐθυμία
422 2634 484 2687 Vat.
611 2635 629 2690 6
645 2652 674 2704 p.
690 2632 726 2688 30
742 2632 827 2688 Band.
954 2627 1000 2690 ὅτι
1016 2629 1035 2704 ἡ
1054 2629 1184 2704 λεγομένη
1202 2635 1283 2706 λίμνη

247 2705 300 2758 τοῦ
333 2703 463 2769 Νεωρίου
498 2701 567 2773 βοῦν
601 2697 673 2773 εἶχεν
708 2701 857 2772 ίστοίμενον
890 2703 1013 2772 γαλκυῦν
1045 2700 1209 2792 παμμεγέθη
1247 2705 1280 2758 0.

249 2775 266 2831 9
293 2769 416 2839 ἔκραξεν.
441 2767 608 2842 ἐστοιγείωσε
630 2767 663 2826 δὲ
685 2767 701 2826 ὁ
726 2769 811 2860 αάτδγ
827 2767 939 2842 Κόνων,
964 2769 995 2827 ἐν
1013 2760 1036 2842 93
1053 2772 1101 2825 καὶ
1116 2769 1209 2842 οἷγοροι
1226 2776 1283 2828 τῶν

246 2842 407 2900 θαλασσίων
431 2836 559 2912 ἐμπόριον
576 2835 608 2895 cd
625 2839 763 2912 πρότερον
783 2859 830 2912 ην.
865 2836 911 2895 ἐπὶ
929 2835 961 2894 di
975 2837 1127 2896 Ἰονστίυου
1144 2841 1280 2913 μετετέθη

247 2911 288 2974 είς
302 2907 351 2966 τὸν
368 2908 521 2966 Ἰουλιοινοῦ
536 2907 642 2980 λιμένα.
662 2914 695 2966 (λ.
808 2914 841 2967 10
858 2929 885 2982 p.
902 2911 920 2963 8
937 2912 1021 2964 Band.
1133 2915 1165 2966 ll
1184 2908 1282 2980 άυδρι-

247 2984 299 3051 mic
314 2983 376 3035 Vat.
446 2984 480 3038 15
498 2981 657 3067 σφαγῆναι]
674 2975 835 3034 άτιοθυινεῑν
852 2976 1007 3049 μαρκιοινόν
1019 2975 1069 3034 τὸν
1083 2976 1198 3052 βασιλέα
1217 2983 1279 3036 Vct.

246 3055 281 3108 16
307 3047 427 3113 ν’ίκοιστος
448 3049 583 3112 διάκονος
598 3046 731 3118 δπυιργτου
747 3051 799 3103 τοῦ
815 3050 888 3103 ναοῦ
903 3051 953 3117 τῆς
970 3046 1052 3120 ἁγίας
1068 3045 1122 3118 adp
1142 3050 1223 3120 μίας,
1249 3046 1282 3114 ὃς

246 3117 316 3174 idcio
332 3123 397 3173 Vat.
518 3121 551 3176 17
573 3115 639 3183 toric
654 3114 721 3173 κατ’
739 3115 865 3188 εὖτυχίου
882 3121 944 3174 Vst.
1066 3121 1100 3175 19
1124 3068 1155 3174 ίν
1172 3122 1209 3190 τῇ
1224 3121 1281 3174 τῶν

243 3191 352 3258 περσῶν
369 3185 482 3258 ρηγιῶνι
498 3192 562 3244 Vat.
665 3189 701 3243 20
717 3185 905 3261 φρουράρχῳ]
922 3185 1130 3258 καστροφύλακι
1148 3189 1211 3244 vac.

176 3343 266 3396 currui
289 3342 436 3409 impositam
463 3359 518 3395 cum
545 3342 631 3395 corcis
655 3341 820 3395 deducebant
844 3358 861 3396 a
884 3343 1009 3400 cancellis
1031 3343 1166 3412 usquead
1184 3342 1279 3396 solium

175 3413 370 3479 imperatorium
387 3413 571 3482 Hippodromi.
605 3412 655 3464 hoc
672 3420 759 3465 autam
776 3413 858 3465 fiebat
875 3413 1016 3480 quotannis
1032 3413 1074 3464 die
1092 3413 1164 3465 urbis
1183 3412 1277 3467 nauli.

174 3481 270 3533 ibidem
286 3498 366 3551 supra
382 3482 447 3534 duas
465 3481 595 3535 columnas
611 3481 739 3536 collocata
756 3489 832 3536 crant
848 3481 985 3535 simulacra
1003 3482 1095 3535 Adurni
1111 3489 1140 3535 ct
1154 3482 1231 3536 Evae
1249 3488 1279 3536 at

173 3549 361 3621 Prosperitntis
379 3558 406 3603 ct
422 3551 521 3611 Famis.

278 3621 309 3673 In
327 3629 404 3690 portu
421 3621 521 3674 Neoris
538 3621 587 3674 hos
603 3620 729 3674 maximus
746 3638 780 3673 ex
797 3637 858 3673 aere
874 3621 978 3688 stabat,
996 3637 1072 3690 quem
1089 3622 1178 3673 ierunt
1194 3622 1278 3677 semol

173 3689 202 3742 in
219 3706 286 3742 sono
303 3691 404 3759 mugire
422 3690 545 3758 solitum,
568 3707 653 3760 coquo
670 3691 713 3743 dic
731 3690 792 3744 mali
810 3689 874 3759 quid
892 3690 951 3743 urbi
968 3691 1097 3743 accidere.

276 3760 398 3813 Mauricii
420 3760 530 3829 eiusque
554 3761 645 3812 uxoris
667 3768 695 3812 ct
718 3760 859 3813 liberorum
882 3767 986 3812 statuae
1003 3761 1036 3812 ad
1052 3765 1153 3828 portam
1171 3775 1277 3812 aeream

173 3845 254 3898 supra
271 3829 406 3897 imaginem
424 3829 527 3882 Christi
545 3830 664 3883 monibus
680 3830 797 3883 extensis
814 3829 917 3898 positae
934 3837 1021 3894 erant,
1040 3845 1104 3898 quas
1122 3828 1180 3897 ipso
1197 3829 1277 3881 Mau·

173 3899 255 3951 ricius
278 3899 337 3950 ficri
361 3905 512 3954 curaverat.
545 3900 665 3969 reliquae
688 3916 753 3952 roro
777 3907 880 3952 statuae
902 3899 956 3950 illic
978 3899 1122 3951 collocatae
1145 3915 1179 3950 cx
1200 3903 1275 3948 terra

172 3969 263 4024 Attica
280 3968 408 4021 deductas
426 3976 502 4033 sunt3
518 3968 587 4020 inter
604 3985 669 4036 quas
687 3985 739 4021 una
756 3976 798 4021 cst
814 3969 964 4037 philosophi
979 3969 1127 4034 cuiusdam,
1144 3975 1175 4020 ut
1189 3965 1276 4019 tradit

171 4037 307 4106 Ligurius.
342 4045 481 4108 postquam
508 4055 572 4090 vero
596 4036 740 4090 Mauricius
763 4054 778 4090 s
799 4038 889 4090 Phoca
908 4046 1023 4106 tyranno
1039 4039 1195 4090 interiectus
1211 4035 1275 4104 tuit,

173 4106 300 4162 diaconus
324 4108 426 4178 quidam
449 4105 683 4172 commodemus,
706 4123 773 4158 unus
791 4123 824 4158 ex
840 4107 1016 4160 sectatoribus
1033 4106 1163 4174 Eutychis
1179 4106 1274 4158 haerc-

172 4173 236 4240 tici,
262 4179 355 4231 videns
376 4177 462 4230 victos
480 4177 619 4244 magistros
635 4192 698 4228 suos
714 4176 817 4243 etipse
834 4175 952 4244 profugit
969 4177 1003 4228 ad
1021 4176 1155 4228 castellum
1173 4191 1274 4244 cogno-

172 4251 258 4296 mento
287 4245 438 4318 Serapionis
466 4246 543 4298 situm
568 4245 596 4297 in
621 4245 729 4316 regions
754 4246 908 4312 Persarum,
938 4251 1019 4312 atquc
1044 4245 1134 4296 statim
1158 4243 1273 4297 Psrittio

172 4315 310 4379 praefecto
336 4314 509 4390 praesidiario
532 4313 693 4386 significavit
718 4312 879 4367 debilitatem
902 4311 996 4366 cisium
1013 4313 1273 4383 chalcedonensium,
