2802 4636
156 285 207 358 40
493 284 711 354 GEORGIUS
738 283 925 351 CODINUS

254 469 322 541 “On
348 471 380 539 ἐν
403 477 448 564 τῷ
470 475 562 563 μιλίφ
586 475 618 541 ἐν
639 472 780 560 τίτρασιν
799 473 906 548 ’ίπποις
921 468 1057 558 πυρίνοις
1073 463 1160 556 ἅρμα
1175 465 1264 554 ἡλίου

157 573 320 661 ίπτάμενον
343 576 428 665 παρά
453 575 509 643 δάο
534 583 653 662 στηλῶν
678 577 712 642 ἐκ
734 580 873 642 παλαιῶν
895 579 958 640 τῶν
978 570 1099 660 χρόνων
1120 569 1269 659 όπῆρχεν.

157 681 236 750 ἔνθα
254 680 433 768 εόφημίσθη
450 677 467 747 ό
484 681 578 768 μέγας
595 683 826 757 Κωνοταντῖνος
837 677 915 762 μετὰ
929 676 965 744 τὸ
979 682 1100 760 νικῆσαι
1111 675 1265 759 Ἀζάνων,

158 783 261 868 ἐπειδὴ
285 785 337 848 καί
359 780 465 864 Βόζας
482 786 577 853 ἐκεῖσε
594 785 784 873 εδφημίσθη.
835 781 1067 865 κατενεχθέντος
1083 779 1116 844 δέ
1132 786 1189 846 τοῦ
1206 779 1266 868 ἅρ-

119 901 257 974 Βματος
281 888 314 952 ἐν
335 893 380 976 τῷ
401 888 612 978 ίαποδρομίῳ,
636 889 791 955 στυλίδιον
808 884 912 952 καινόν
927 883 1013 970 παρὰ
1031 884 1290 953 Κωνσταντίνουα

157 987 330 1074 ἐσκευάσθη
358 993 400 1068 είς
423 987 518 1077 τάχην
543 999 599 1078 τῆς
622 989 756 1072 πόλεως,
780 986 841 1056 siud
865 985 952 1074 ἡλίου
977 983 1162 1075 φερόμενον,
1188 987 1267 1078 ὅπερ

157 1091 423 1182 δορυφορούμενον
456 1091 548 1184 είσῄει
584 1098 626 1174 είς
656 1095 692 1162 τό
724 1091 829 1177 στάμα
861 1095 912 1158 καί
945 1091 1144 1178 στεφανωθίν
1175 1088 1267 1180 ἐξῄει.
1373 1135 1374 1146 ι

158 1200 278 1266 ἐτίθετο
302 1197 336 1262 δὲ
360 1199 393 1264 ἐν
417 1205 461 1288 τρλ
485 1195 600 1289 σενάτῳ
624 1198 682 1278 ἕως
705 1205 767 1266 τῶν
790 1193 935 1262 ἐπιόντων
956 1199 1120 1280 χενεθλιυλν
1135 1200 1190 1280 τῆς
1207 1193 1267 1262 πό-

158 1307 244 1380 λεως.
296 1297 375 1368 διότι
398 1303 432 1368 δι’
456 1303 506 1367 ἐπὶ
528 1307 664 1392 κεφαλῆς
686 1300 820 1389 σταυρόν
844 1297 920 1383 εἶχεν
926 1346 937 1379 ,
963 1295 998 1364 δν
1020 1295 1149 1385 ἐχάραξε
1172 1301 1267 1364 Κων-
1375 1351 1376 1356 ,

158 1413 330 1484 σταντΐνος,
360 1404 525 1484 Ἰουλιανὸς
555 1407 630 1474 αὐτὸ
662 1402 790 1494 βοθόνφ
819 1405 998 1488 κατέχωσαν.
1048 1400 1126 1468 ἔνθα
1149 1399 1306 1490 ἌρειοςΙο

158 1508 211 1576 τὸν
236 1506 379 1590 ἔχθιστον
402 1507 540 1576 θάνατον
563 1510 624 1576 inl
646 1515 702 1594 τῆς
718 1505 861 1596 καμάρας
876 1513 931 1572 τοῦ
948 1503 1048 1594 φόρου
1065 1510 1121 1572 τοῦ
1137 1504 1267 1574 σενάτου
1377 1585 1378 1596 1

69 1615 144 1674 Ρλδ
161 1612 325 1678 ἀπέδωκεν.
375 1610 453 1680 ἔνθα
485 1615 536 1679 καί
568 1610 713 1698 tranuito]
737 1610 797 1678 όπδ
823 1617 877 1677 τοῦ
902 1614 1071 1697 θεοφιλοῦς
1097 1608 1267 1678 Θεοδοσίου

154 1714 272 1803 Ἄρειος
288 1717 320 1782 ἐν
335 1713 492 1806 μαρμάρῳ
515 1714 700 1805 άναγλόφῳ,
725 1721 860 1803 γειτνιῶν
876 1719 915 1801 τῇ
931 1718 988 1800 γῇ,
1012 1714 1064 1778 καί
1082 1711 1139 1779 odo·
1154 1719 1193 1801 τῇ
1210 1721 1267 1780 τοῦ

155 1819 271 1906 Ἀρείου
297 1821 348 1884 καί
373 1821 571 1888 Μακεδονίαν
595 1821 764 1903 Σαβελλίου
785 1819 836 1885 καί
852 1817 1007 1900 Εὐνομίου
1024 1816 1102 1903 πρὸς
1119 1813 1267 1902 αίσχόνην
1379 1831 1380 1842 ³

159 1923 278 2001 αὐτῶν,
304 1919 346 2000 ὥς
364 1921 402 1990 άν
418 1924 447 1990 oi
465 1923 685 2014 παρερχόμενοι
702 1922 817 2012 κόπρον
828 1923 882 1988 καί
894 1912 987 2009 οὖρον
999 1922 1050 1985 καί
1063 1917 1306 2006 ἐμπτόσματαΙο

157 2027 339 2115 ἐρρίπτωσιν
355 2027 469 2106 αὐτοῖς.

255 2127 324 2196 Ὅτι
353 2131 389 2198 τδ
421 2131 568 2212 Σένατον,
602 2128 646 2209 ὥς
667 2132 697 2199 οἱ
719 2132 776 2215 μὲν
800 2129 938 2217 λίχανοι,
963 2127 996 2206 ἐξ
1022 2127 1120 2215 ἀρχῆς
1142 2119 1180 2212 ἦν
1206 2135 1268 2194 τῶν

159 2231 348 2298 κωδικέλλων
377 2232 599 2323 φυλακτήριον·
634 2234 728 2302 ἐκεῖσε
757 2233 817 2320 γάρ
848 2233 878 2297 oi
910 2232 1063 2318 πατρίκιοι
1091 2228 1267 2314 ἐλάμβανον

159 2335 272 2414 αὐτοὺς
305 2336 362 2416 ἕως
396 2339 640 2404 Κωνσταντίνοο.
703 2340 754 2401 καί
788 2337 1024 2424 Καλλίστρατος
1056 2340 1175 2423 πρῶτος
1207 2335 1266 2419 τὴν

120 2439 248 2518 Βάξίαν
287 2445 344 2506 τοῦ
381 2438 500 2508 όπάτου
541 2441 634 2506 ἐκεῖσε
673 2439 814 2518 ίδίξατο,
856 2444 912 2505 τοῦ
954 2435 1054 2525 δήμου
1096 2436 1307 2527 κράξαντοςκο

231 2653 246 2706 l
266 2668 294 2720 p.
313 2651 347 2707 13
362 2651 447 2706 Band.
467 2653 503 2706 of.
515 2649 560 2706 91.
645 2650 744 2706 Soidas
762 2669 788 2706 τ.
805 2649 905 2720 μίλιον.
992 2651 1011 2706 2
1028 2645 1176 2719 ίστάμενον
1192 2651 1266 2714 Vnt,

230 2716 392 2788 ίπτοιμένοις
415 2729 476 2776 anta
502 2715 578 2788 άρμα
603 2721 636 2775 C.
773 2719 791 2774 8
813 2716 919 2791 σενάτςο
940 2711 1045 2785 ἕορτάν
1062 2714 1200 2774 ἐπιουσῶν
1217 2720 1267 2774 καλ

229 2790 357 2858 rossoton
381 2792 432 2859 τῆς
457 2786 563 2852 πόλεως
587 2785 759 2874 τρλονμόνιον
783 2791 816 2844 C.
957 2792 990 2844 12
1019 2785 1180 2857 άτιέδωκεν,
1208 2793 1267 2842 ποῦ

229 2856 278 2911 καλ
303 2854 333 2912 οἱ
356 2857 558 2930 παρερχόμενοι
582 2877 653 2925 ουρα
676 2859 724 2914 καί
746 2859 838 2926 κόπρα
861 2852 977 2914 ἐτίθουν
994 2855 1071 2928 αὐτῷ
1088 2859 1127 2928 τῷ
1144 2855 1265 2932 ἐχθίστςο

227 2922 315 3003 ’nicolao
334 2928 365 2986 C.
481 2929 514 2986 17
533 2948 561 3000 ρ.
581 2927 613 2984 13
629 2929 713 2984 Bond.
827 2928 861 2983 18
877 2929 1034 3000 πατρίκιοι]
1052 2923 1157 2982 όπυιτοι
1174 2929 1228 2984 alii.

262 3116 294 3169 In
314 3116 426 3171 miliario
443 3116 494 3170 inm
510 3116 572 3170 indo
589 3118 623 3170 ab
641 3116 757 3186 antiquis
772 3118 935 3190 temporibus
951 3135 1032 3190 sopra
1048 3116 1114 3171 dnos
1131 3117 1266 3171 columnas

159 3186 249 3270 stabat
271 3203 364 3269 cuorus
387 3187 451 3240 solis
467 3185 667 3270 quasivolans3
695 3186 737 3239 cui
752 3186 836 3272 iuncti
853 3196 930 3242 arant
946 3195 1073 3274 quattuol:
1088 3187 1150 3256 equi
1168 3187 1266 3272 colonis

159 3273 243 3377 ill·
261 3256 1267 3400 ltili?sit{⁹llll:„ltttlttltlssttttzl’llgtlilli

160 3402 189 3446 ot
205 3394 359 3460 Byzantem.
396 3396 442 3446 ubi
459 3412 523 3448 vero
540 3395 585 3447 illo
604 3413 695 3450 currus
711 3395 739 3448 in
756 3397 934 3466 Hippodromo
951 3397 1094 3450 subversus
1111 3397 1177 3465 fuit,
1200 3395 1268 3448 fecit

159 3463 348 3516 Constantinus
371 3481 466 3517 novam
488 3473 599 3517 statuam
623 3467 747 3518 fortunae
772 3468 862 3531 urbis,
891 3473 1023 3536 portatam
1048 3484 1064 3518 a
1089 3466 1166 3533 Solo,
1197 3481 1266 3535 quaa

158 3547 253 3600 magno
280 3533 403 3588 comitutu
428 3535 455 3586 in
479 3533 594 3588 tribunal
617 3535 793 3604 Hippodromi
809 3536 988 3589 deducebatur
1005 3537 1120 3603 indeque
1139 3543 1268 3588 coronata

157 3600 254 3654 iterum
271 3603 369 3658 exibat.
403 3605 551 3673 ponebatur
568 3609 655 3656 autem
671 3607 699 3657 in
716 3611 810 3658 sonata
829 3621 912 3674 usquo
930 3606 963 3660 ad
977 3607 1044 3658 diem
1058 3605 1130 3658 urbis
1142 3605 1265 3658 natalem.

158 3676 291 3724 caeterum
313 3673 346 3726 ob
367 3689 484 3740 crucem,
507 3689 584 3742 quam
602 3672 684 3742 capiti
700 3675 757 3727 cias
775 3675 965 3728 Constantinus
981 3674 1096 3745 insculpi
1112 3681 1266 3742 curaverat,

158 3737 274 3794 Iulianus
300 3759 356 3794 casn
379 3743 405 3795 in
427 3744 533 3796 foveam
549 3742 645 3812 proiici
662 3748 691 3795 et
706 3750 779 3798 tarra
798 3744 876 3797 obrui
891 3744 981 3798 iussit.
1014 3743 1042 3796 in
1058 3761 1091 3796 oo
1110 3746 1167 3796 loco
1184 3743 1267 3796 Arius

160 3807 335 3864 abominanda
358 3817 441 3866 morto
465 3813 532 3865 obiit
556 3829 572 3864 a
596 3829 700 3865 camora
720 3813 851 3879 sensiculi,
878 3813 948 3883 quod
972 3821 1030 3866 erat
1045 3814 1074 3866 in
1091 3815 1150 3865 foro
1164 3813 1268 3882 -viginti

159 3881 1155 4022 lli?”l„ltilimittit„llilltitilitllttlliii
1173 3881 1268 4004 lli:

160 4017 227 4070 mori
250 4020 317 4073 adeo
340 4021 428 4075 vicino
443 4029 532 4074 tarrac
547 3992 660 4090 inscnldi
676 4021 793 4088 curavit,
820 4027 852 4074 nt
868 4039 885 4074 a
900 4022 1130 4093 praetercuntibus
1148 3989 1269 4076 siorcore

160 4085 238 4140 urina
257 4097 285 4142 ot
303 4099 380 4160 sputo
398 4097 645 4160 conspurcarentnr.

239 4223 246 4238 ·
263 4158 295 4211 In
309 4167 417 4228 senatu,
435 4168 466 4213 ut
481 4161 585 4229 quidam
601 4159 724 4225 tradunt,
743 4157 858 4212 codicilli
875 4158 1021 4227 antiquitus
1035 4159 1268 4213 custodiebanturs

160 4236 220 4274 nam
238 4225 275 4278 lbi
291 4229 400 4296 patricii
416 4247 463 4282 cos
480 4229 647 4298 accipiebant
662 4245 747 4297 usqua
764 4227 797 4281 ad
813 4234 933 4297 tempora
951 4229 1127 4281 Constantini.
1170 4227 1269 4282 ibidem

160 4288 329 4352 Callistratus
351 4299 452 4370 primus
474 4299 630 4371 dignitatem
653 4297 814 4352 consularom
836 4296 966 4370 suscepit,
993 4299 1154 4353 acclamante
1169 4299 1268 4369 populo
