2808 4616
184 248 258 320 112
518 241 737 312 GEORGIUS
764 237 952 308 GODINUS

149 473 153 488 ’-
181 434 377 522 ἐθαόμασεν,
403 434 541 522 »εἰρηκώς
572 433 650 520 αὐτῇ
680 425 800 496 “addas
831 434 921 496 τοῦτο
947 428 983 494 τό
1009 427 1131 514 dyadis
1156 428 1293 519 ηόρέθη,

180 537 324 612 δέσποινά
347 538 452 622 pons²
480 535 500 623 ἠ
526 538 559 604 δέ
582 538 684 624 ἐρῶσα
707 535 804 600 αὐτοῦ
823 530 924 616 ιιλοίβε
946 532 1062 598 τοῦτο”
1090 532 1161 621 ἔφη.
1214 533 1232 602 ὁ
1257 540 1294 603 δὲ

181 646 286 732 λαβών
308 642 425 727 έπεμψε
448 644 548 730 δῶρον
572 646 662 707 τοῦτο
679 644 724 725 τῷ
739 643 876 721 βασιλεῖ,
901 636 945 720 μή
963 635 1052 714 εέδώς
1068 635 1115 703 ὅτι
1132 638 1211 726 παρ’
1232 639 1294 706 αὖ·

180 759 236 819 τοῦ
261 744 358 830 ἐδόθη
383 752 421 834 τῇ
448 747 599 832 δεσποίνῃ.
651 739 668 807 ό
695 743 729 806 δέ
751 741 897 822 βασιλεὺς
918 737 1040 824 λαβών,
1066 744 1117 806 καλ
1134 741 1226 827 γνοὺς
1243 741 1295 809 ότι

181 853 255 940 ὅπερ
281 851 434 918 ἀπέστειλε
458 855 496 936 τῇ
517 850 681 934 βασιλίσσῃ
703 842 803 929 μήλόν
819 845 883 912 ἐστι
890 892 900 924 ,
924 840 1127 932 προσεκάλεσε
1144 845 1199 930 τήν
1215 849 1318 920 Ae-s.

180 957 331 1046 γοόοταν,
357 957 408 1019 καὶ
432 950 607 1040 ἐπηρώτησε
631 947 727 1034 αὖτήν
747 945 845 1035 “daeo
870 946 989 1014 έστειλοί
1015 975 1063 1016 σοι
1085 955 1198 1032 μῆλον,
1226 959 1295 1018 ποῦ

181 1060 307 1145 iotam-'²
335 1055 355 1142 ἠ
384 1058 417 1123 δέ
443 1055 522 1123 εἶπεν
543 1053 716 1143 ’Ἥαυλίνῳ
744 1060 787 1142 τῷ
814 1051 986 1142 πιστοτάτῳ
1013 1050 1101 1138 ἠμών
1128 1053 1290 1120 δέθωκα.”

181 1163 199 1233 ὅ
217 1168 252 1232 δέ
269 1161 364 1247 αότήν
380 1162 435 1244 μέν
451 1161 592 1246 ἠπεώησε
609 1157 742 1243 ῥήμασιν
760 1157 939 1242 αὐστηροῖς,
955 1159 1113 1222 Παυλῖνον
1129 1158 1163 1221 δέ
1176 1159 1292 1245 προσέ-

140 1275 254 1350 (λταξε
278 1269 466 1358 φονευθῆναι
492 1262 699 1352 εἰσερχόμενον
715 1266 757 1338 εἷς
772 1259 807 1326 τό
826 1258 983 1326 παλότιον.
1034 1263 1085 1326 καὶ
1103 1263 1181 1344 δῆτα
1198 1262 1292 1348 ἆνερ-

177 1373 308 1459 χόμενον
328 1369 382 1436 τόν
398 1367 550 1435 σκοτεινόν
566 1368 690 1450 κοχλίαν
707 1365 763 1430 οὐκ
779 1362 981 1448 ἠδυνήθησαν
998 1364 1028 1430 οἱ
1044 1368 1292 1451 προσταχθέντες
1299 1383 1333 1434 10

180 1485 288 1543 τοῦτον
323 1479 487 1560 φονεῦσαι,
521 1475 548 1537 εί
578 1470 622 1554 μή
647 1470 687 1536 τὰ
713 1460 777 1534 airu
803 1468 896 1534 αότοῦ
921 1466 1002 1552 μόνα
1025 1469 1186 1552 ἐξέκοψαν.
1238 1474 1290 1535 καὶ

179 1581 271 1668 γνοὺς
301 1581 411 1654 ἐκεῖνος
436 1577 492 1660 τήν
517 1574 680 1658 ἐπιβουλὴν
707 1572 808 1661 έφυγε.
858 1579 948 1638 τοῦτο
973 1573 1007 1637 δέ
1031 1576 1073 1650 εἰς
1094 1578 1206 1657 θαῦμα
1229 1582 1291 1642 τών

180 1683 275 1772 ἁγίων
304 1678 483 1768 όναργόρισν
515 1681 648 1765 γέγονεν,
683 1673 726 1754 ὡς
757 1675 795 1742 do
825 1673 967 1763 τελειώσῃ
997 1676 1051 1742 τόν
1076 1675 1150 1742 ναόν
1179 1675 1291 1744 αότιῦν.

181 1786 198 1854 ό
220 1789 254 1854 δέ
274 1785 419 1869 βασιλεὺς
435 1780 570 1860 οἷκοόσας
585 1782 668 1859 ὅπως
685 1781 778 1858 αὐτὸς
793 1779 885 1867 ἐφυγε
901 1780 955 1846 τόν
972 1782 1167 1868 προκείμενον
1184 1780 1290 1869 φόνον,
1397 1829 1398 1868 p

181 1895 233 1958 καλ
258 1891 434 1975 αῖσχονθελς
457 1886 581 1973 όγνοιαν
604 1883 814 1974 προεβάλλετο
838 1887 890 1949 καὶ
914 1883 986 1961 τοὺς
1002 1885 1157 1969 τολμητὰς
1173 1885 1288 1968 ἀμῦναι
1297 1899 1330 1952 lt

180 1995 288 2082 ἔλεγεν.
339 1993 420 2058 ἀλλὰ
442 1991 521 2076 μετὰ
539 1999 636 2058 ταῦτα
652 1988 713 2075 ἠδη
730 1985 942 2056 τετελειωκότα
959 1987 1012 2054 τόν
1028 1989 1102 2056 ναόν
1118 1996 1179 2056 τών
1197 1987 1290 2076 ἁγίων

180 2096 358 2189 ἀναργόροιν
376 2094 595 2184 ἀπεκεφάλισεν
611 2090 715 2160 αὐτόν.

251 2289 434 2359 έδεσποίνη]
453 2283 592 2359 αόηοόστῃ
610 2291 665 2344 aiii.
787 2287 803 2344 7
822 2280 916 2356 εἶπεν]
935 2280 995 2340 εἷπε
1012 2289 1112 2374 φαρεῖν
1128 2279 1209 2342 αότό.
1240 2285 1292 2340 καλ

251 2357 338 2416 πόλιν
360 2355 503 2428 ἠρώτησεν
526 2352 617 2444 αότήυ
641 2353 681 2418 είς
696 2353 749 2425 τήν
766 2356 904 2425 σωτηρίαν
920 2351 1024 2411 αὐτοῦ·
1050 2375 1068 2425 η
1087 2350 1118 2408 di
1134 2353 1182 2408 καί
1199 2351 1291 2410 πόλιν

250 2425 312 2487 εἶπε
336 2432 438 2552 φαηεῖν
465 2423 545 2481 αότό.
581 2446 598 2482 ο
628 2416 679 2480 σόν
702 2419 829 2498 βασιλεόρ
848 2421 994 2492 έξενερκών
1009 2421 1042 2480 τό
1059 2425 1146 2496 μῆλον
1164 2420 1219 2495 ἔφη
1237 2423 1291 2480 καὶ

251 2503 336 2556 τοῦτο
360 2519 376 2553 τ
412 2493 484 2557 έστι;
510 2493 559 2550 καλ
576 2493 683 2566 ταύτην
699 2491 751 2564 μέν
766 2489 892 2563 ἠμύνατο
911 2493 1031 2564 όήμασιν
1048 2489 1210 2562 αὐστηροῖς,
1236 2493 1291 2549 τόν

252 2568 286 2624 δὲ
308 2570 448 2622 παυλῖνον
463 2560 514 2620 τόν
530 2563 699 2620 πιστότατον
717 2561 794 2620 adoni
811 2565 896 2631 φίλον
911 2562 1081 2632 προσέταξεν
1097 2560 1290 2634 εἰσερχόμενον

251 2637 293 2702 είς
309 2634 341 2692 τό
358 2632 497 2690 ααλότιον
514 2636 721 2700 κατακοπῆναι.
738 2633 787 2690 καὶ
802 2633 876 2686 δ’τα
892 2635 961 2704 Reg.
1056 2634 1074 2689 9
1092 2636 1288 2704 φονευθῆναι]

250 2707 483 2779 ρελοκοπηθήναι
500 2705 532 2759 (λ.
632 2705 667 2761 17
684 2701 786 2772 αὐτόν]
804 2651 892 2756 adsta
908 2705 1045 2771 φανερῶς.
1063 2700 1081 2771 ἠ
1101 2698 1133 2756 δὲ
1152 2699 1288 2758 δέσποινα

252 2776 291 2842 (ὃς
322 2778 414 2846 δῆθεν
446 2769 619 2844 ἅτιμοιθεῖσα
641 2770 764 2845 ἠτήσατο
787 2768 838 2826 τόν
861 2770 976 2843 βασιλέα
999 2771 1135 2827 ἀπελθεῖν
1160 2769 1202 2835 εἰς
1222 2770 1289 2835 rode

252 2844 351 2918 ἁγίους
371 2841 491 2914 τόπους,
516 2842 565 2898 καλ
586 2863 691 2914 συγχωρ
712 2846 795 2897 θεῖσα
820 2839 948 2909 ἐξῆλθεν.
984 2839 1069 2896 ἐκεῖσε
1092 2830 1128 2910 ἠν
1153 2839 1286 2912 γενομένη
1396 2851 1397 2908 g

251 2917 301 2975 καλ
317 2911 523 2983 εόαρεστήσασα
539 2913 580 2984 soi
595 2917 666 2983 θεῷ.
693 2864 732 2967 ἐν
749 2909 781 2966 δέ
798 2911 839 2982 roi
855 2908 962 2980 μέλλειν
980 2912 1111 2966 τελευταῖν
1130 2905 1286 2982 ἐξωμόσατο

252 2985 289 3058 μὴ
307 2982 464 3042 συνειδέναι
478 3001 506 3038 τι
521 2977 591 3053 μετὰ
608 2984 764 3038 Παυλίνοο.
786 2981 855 3051 Reg.

183 3161 320 3228 spectans,
344 3155 413 3208 dixit
434 3149 577 3220 “ubinam,
600 3155 717 3214 domina,
743 3151 865 3241 egregius
883 3153 925 3205 ille
942 3155 1045 3207 fructus
1062 3159 1185 3224 repertus
1202 3149 1286 3208 esti'’

184 3237 212 3281 at
235 3227 310 3299 ipsa,
336 3241 404 3294 quae
428 3241 485 3278 eura
507 3225 624 3293 amabat,
647 3219 718 3277 “tu’'
744 3225 784 3276 ait
825 3223 916 3291 accipe
932 3218 1025 3278 insul·
1061 3225 1188 3278 Paulinus
1206 3225 1288 3294 igitur

182 3313 288 3368 pomum
304 3296 338 3348 ab
357 3312 389 3348 ea
406 3300 542 3366 acceptum
558 3295 712 3365 imperatori
727 3294 844 3360 remisit,
859 3293 985 3362 ignorans
1003 3294 1037 3347 ab
1054 3311 1087 3346 eo
1106 3295 1180 3364 prius
1197 3295 1288 3364 Angu-

182 3371 241 3419 stae
257 3365 322 3418 illud
338 3363 461 3417 donatum
477 3365 567 3418 fuisse.
601 3365 747 3434 imperator
762 3371 850 3418 autem
866 3379 968 3431 pomum
985 3362 1128 3433 recipiens,
1146 3369 1174 3418 et
1188 3381 1289 3432 cogno-

182 3451 258 3488 scens
283 3435 352 3487 idem
375 3451 435 3487 esse
461 3434 533 3504 quod
558 3441 637 3488 antea
658 3436 795 3504 Augustae
817 3432 941 3496 miserat,
966 3433 1050 3517 ipsam
1068 3433 1102 3486 ad
1119 3451 1148 3486 ae
1164 3441 1288 3487 vocatam

180 3503 360 3574 interrogavit
385 3498 452 3557 “nbi
480 3510 522 3556 eat
551 3521 654 3573 pomum
682 3505 752 3594 quod
780 3502 830 3556 tibi
858 3497 951 3565 misi;”
982 3503 1027 3555 rlla
1056 3519 1123 3557 vero
1149 3503 1289 3573 respondit

178 3568 307 3626 “Paulino
330 3577 421 3625 nostro
443 3573 595 3626 fidelissimo
619 3573 688 3626 dedi.
743 3581 806 3626 tnnc
824 3571 968 3642 imperator
985 3573 1055 3625 iilam
1073 3572 1176 3640 quidem
1194 3589 1289 3626 severa

181 3642 391 3696 interminatione
412 3643 558 3714 increpuit,
584 3644 721 3696 Paulinum
744 3649 847 3708 autera,
872 3641 932 3694 dum
953 3641 1136 3709 ingrederetur
1154 3643 1290 3712 palatium,

181 3713 298 3766 interfici
322 3713 410 3766 iussit.
444 3712 582 3766 constituti
606 3713 690 3782 igitur
711 3712 883 3766 insidiatores
901 3728 960 3764 eum
976 3712 1004 3763 in
1021 3727 1131 3764 ascensu
1146 3711 1290 3765 testudinis

181 3784 340 3836 tenebrosae
364 3783 484 3850 aggressi
508 3791 585 3846 annt3
613 3783 655 3834 cui
678 3789 779 3850 tamen,
805 3781 869 3834 solis
891 3782 998 3835 auribus
1022 3781 1180 3851 praesectis,
1205 3782 1289 3836 vitam

182 3853 296 3906 adimere
320 3869 372 3904 non
396 3859 555 3921 potuerunt:
580 3851 638 3922 ipse
658 3853 741 3920 enim,
767 3851 922 3918 simulatque
940 3869 989 3921 per
1005 3850 1115 3906 insidias
1131 3867 1161 3904 se
1178 3851 1291 3903 circum-

181 3931 288 3977 ventum
305 3923 403 3989 sensit,
421 3929 496 3974 recta
513 3923 574 3974 inde
593 3923 720 3992 profugit.
756 3927 888 3973 caeterum
904 3919 955 3972 hoc
972 3923 1011 3975 ita
1028 3922 1120 3975 evenit
1135 3919 1289 3974 miraculoso

181 3992 280 4047 auxilio
303 3991 354 4048 SS.
377 4008 568 4059 anargyrorum
585 3993 698 4046 Cosmae
715 3997 743 4044 et
758 3989 895 4056 Damiani,
920 4007 1013 4060 nempe
1031 3999 1062 4044 ut
1077 3991 1223 4044 inchoatum
1242 4005 1290 4042 eo-

180 4079 238 4116 rum
263 4063 383 4134 tempium
409 4061 602 4116 exaedificaret.
636 4062 779 4130 imperator
805 4075 868 4111 vero
892 4059 1000 4113 audiens
1018 4077 1076 4113 eum
1094 4063 1166 4114 vitae
1182 4059 1290 4130 pericu-

181 4131 233 4185 lum
251 4133 393 4204 effugisse,
411 4147 477 4200 prae
493 4129 594 4200 pudore
610 4131 648 4183 nil
664 4132 715 4184 eibi
732 4131 781 4183 hac
797 4128 831 4180 de
847 4145 877 4180 re
893 4129 1026 4198 cognitum
1045 4130 1127 4184 fuisse
1145 4129 1289 4196 simularit,

182 4207 211 4251 et
228 4202 335 4273 insuper
352 4217 523 4270 aggressores
540 4217 570 4253 ee
587 4201 739 4271 puniturum
755 4197 883 4270 promisit.
919 4198 1102 4268 nihilominus,
1128 4209 1193 4270 post
1210 4201 1290 4256 abso-

181 4267 263 4324 lutum
278 4274 403 4344 templum
420 4269 473 4326 88.
490 4287 697 4342 anargyroram‚
714 4274 794 4342 caput
810 4267 834 4324 ei
850 4267 967 4338 praecidi
983 4267 1070 4324 iussit.
