2802 4636
157 249 206 320 72
489 239 706 310 GEORGIUS
733 234 919 307 somnus

158 437 193 502 τὸ
223 429 307 521 κόριε
333 428 455 517 ίλίησον
479 423 753 519 τεσσαρακοντάκις
777 421 957 510 ίξεβόησαν,
982 425 1033 488 καί
1050 418 1066 488 5
1085 423 1184 506 δῆμος
1201 427 1263 488 τῶν

53 581 55 588 ·
159 540 325 625 Πρασίνων
350 533 472 623 ἴκραξεν
499 531 752 612 “Κωνσταντΐνος
778 533 829 596 καλ
858 524 1023 604 Θεοδόσιος
1047 523 1063 592 5
1090 528 1187 614 μέγας
1212 531 1265 594 καλ

160 642 253 707 Λίων
271 643 312 716 εἰς
328 635 440 726 κράτος
458 635 632 723 ἔνίκησαν.”

121 755 145 808 D
267 743 318 808 Τιλ
346 744 380 808 δὲ
405 743 488 826 τείχη
514 741 553 808 τιλ
580 739 657 828 πρὸς
682 737 738 822 τὴν
766 729 931 802 θάλασσαν
958 731 1173 806 άνεκαινίζοντο
1201 729 1263 799 5715

164 849 308 934 Τιβερίου
339 843 514 933 Ἀψιμάρου
548 845 624 930 (ἕως
649 841 709 929 γὰρ
736 840 829 906 αὐτοῦ
855 837 1028 923 ἠμελημένα
1055 829 1134 922 ἦσαν
1161 832 1292 922 πάνυ)5

163 955 213 1018 καί
230 952 261 1015 ἔκ
279 950 419 1035 δευτέρου
437 948 632 1032 άνεκαινίσθη
648 943 708 1012 όπὸ
726 951 781 1009 τοῦ
801 943 964 1029 Θεοφιλου.

269 1053 333 1118 Τόν
356 1052 442 1140 άγιον
465 1051 596 1119 Μάκιον
613 1052 663 1116 καί
680 1046 733 1115 τόν
750 1047 834 1132 ἅγιον
851 1050 967 1130 Μηνᾶν
984 1045 1120 1128 ἐποίησεν
1139 1039 1155 1107 5
1173 1043 1268 1128 με’γας

164 1161 394 1234 Κωνοταντῖυος
416 1157 509 1234 ναοιλς
533 1153 624 1232 όντας
647 1153 683 1218 τὸ
707 1154 778 1238 πρὶν
795 1147 944 1216 εἰδώλων·
970 1151 1021 1214 καλ
1040 1147 1164 1229 τὸνμὲν
1183 1145 1268 1232 ἅγιον

165 1265 281 1346 Μηνᾶν
305 1261 413 1338 καθώς
435 1253 473 1346 ἦν
496 1259 610 1339 εἴασεν,
636 1252 782 1333 ίκὸιεόξας
800 1256 833 1320 δὲ
851 1255 890 1320 τά
909 1249 1071 1338 άγάλματα
1090 1248 1268 1334 ἐπωνόμασε

165 1365 218 1430 τόν
240 1363 313 1430 ναὸν
330 1361 437 1441 οὕτως.
486 1362 543 1448 τήν
560 1364 594 1428 δὲ
612 1361 726 1428 τελείαν
743 1359 839 1426 αὖτοῦ
855 1355 1018 1442 οἰκοδομήν
1037 1356 1174 1440 ἐποίησεν
1191 1354 1266 1437 μετὰ
1277 1371 1309 1424 10

163 1465 294 1555 χρόνους
318 1465 388 1554 ρξθ’
411 1467 590 1554 Πουλχίρια
613 1468 664 1530 καλ
687 1459 887 1552 Μαρκιανός,
914 1461 970 1528 σόν
993 1471 1057 1538 τοῖς
1078 1461 1270 1546 προαστείοις

168 1575 219 1637 καὶ
244 1572 334 1660 ἱεροῖς
353 1568 481 1638 σκεόεσι.
532 1577 587 1636 τοῦ
605 1570 638 1635 δὲ
655 1565 740 1654 ιλγίου
758 1569 891 1634 Μωκίου
907 1562 1098 1652 ὑπάρχοντος
1115 1563 1195 1628 άλλα
1214 1561 1269 1627 δύο

168 1673 251 1760 μήκη
275 1677 410 1757 μείζονος
431 1671 507 1761 παρ’
532 1672 550 1740 5'
578 1675 641 1740 ἔστι
663 1679 734 1752 νῦν,
760 1671 884 1754 selmon
907 1669 943 1734 τὸ
967 1666 1106 1754 διμόριον
1122 1674 1178 1732 τοῦ
1193 1673 1269 1732 ναοῦ

79 1790 100 1842 Ρ
118 1787 152 1845 88
169 1777 185 1843 5
202 1781 296 1864 μίγας
315 1780 561 1855 Κωνσταντΐνος,
587 1779 638 1842 καλ
655 1773 791 1861 ἀνήγειρε
809 1773 843 1838 τό
861 1770 1091 1858 θυσιαστήριον.
1145 1769 1221 1836 διότι
1239 1771 1272 1834 δὲ

169 1882 305 1969 ἀνῃρέθη
331 1879 347 1946 5
372 1881 457 1966 άγιος
479 1879 611 1958 Μάνιος
627 1881 735 1958 ἐκεῖσε,
760 1876 871 1944 τοότου
887 1875 980 1962 χάριν
997 1874 1133 1961 ἀνήγειρε
1152 1878 1201 1940 καί
1218 1875 1271 1939 τὸν
1280 1884 1313 1939 15

169 1987 243 2052 ναόν
272 1981 314 2061 ὥς
340 1985 417 2050 ίιλιον
444 1985 538 2050 αὐτοῦ
546 2033 556 2064 ,
581 1987 632 2049 καί
656 1983 691 2049 τό
716 1987 806 2065 σῶμα
829 1980 923 2046 αὐτοῦ
940 1983 1033 2046 ε’κεῖσε
1050 1979 1173 2066 ἔφερεν,
1199 1977 1272 2066 ὅπερ

171 2099 266 2155 κεῖται
291 2086 435 2155 ὑποκάτω
462 2095 518 2154 τοῦ
543 2088 778 2174 θυσιαστηρίου.
829 2085 860 2150 tv
879 2085 913 2150 δι’
929 2095 996 2161 ταῖς
1012 2081 1139 2168 ήμίραις
1158 2083 1274 2147 Θεοδο-

172 2195 239 2258 σίου
257 2199 311 2257 τοῦ
328 2191 460 2275 μεγάλου
478 2194 651 2276 ἔξωρίζοντο
670 2192 699 2255 oi
711 2191 858 2276 Ἀρειανοί
876 2188 935 2254 άπὸ
953 2195 1007 2272 τής
1021 2185 1154 2271 μεγάλης
1167 2189 1277 2270 ε’κκλη-

173 2297 258 2372 σίας,
284 2295 334 2357 καί
360 2291 501 2368 ἐλθόντες
518 2291 609 2357 πάλιν
625 2287 805 2380 κατῴκησαν
823 2295 855 2356 ἐν
871 2299 916 2380 τῷ
932 2299 997 2382 ναῷ
1014 2299 1067 2356 τοῦ
1085 2289 1168 2376 ἁγίου
1187 2295 1275 2355 Μω·

244 2461 260 2514 1
280 2449 402 2527 ἐβόησαν
419 2457 452 2511 G.
560 2455 617 2509 τῶν
633 2454 706 2525 Πρ.]
723 2454 775 2508 τοῦ
791 2452 927 2524 πρασίνου
945 2448 1065 2523 ἔκραξαν
1078 2450 1178 2508 “Λεάν
1194 2455 1276 2506 Κων-

242 2528 391 2580 σταντῐυον
412 2521 453 2588 είς
475 2521 578 2594 κράτος
600 2518 744 2592 ίνίκησεν”
772 2527 806 2579 Ο.
943 2523 961 2578 3
987 2521 1082 2595 Λέων]
1108 2518 1186 2592 ἕλε’νη
1211 2527 1275 2576 Vat.

244 2589 384 2662 ἐνίκησαν.
419 2590 436 2646 ὁ
461 2592 515 2663 γὰρ
538 2591 624 2664 μέγας
645 2599 847 2656 κωνσταντῖνος
868 2585 1054 2662 ίνομοθίτησε
1070 2587 1122 2661 τὴν
1139 2589 1276 2660 κυριακήν

244 2659 369 2729 άπραξία
392 2663 543 2730 τιμᾶσθαι·
570 2659 625 2730 πρό
650 2658 705 2732 γάρ
722 2661 811 2718 αότοῦ
828 2660 876 2717 καί
892 2658 965 2716 κατά
982 2660 1034 2730 τὴν
1050 2658 1186 2730 κυριακήν
1203 2661 1276 2718 πάν·

242 2751 289 2794 τες
303 2717 475 2800 είρήάζοντο.
495 2733 563 2802 Reg.
576 2733 640 2787 vat.
727 2727 814 2822 4τήν
828 2750 869 2785 om
882 2732 916 2785 [1.
1003 2729 1230 2796 &saturnigenam
1242 2733 1276 2784 C.

245 2801 261 2856 7
278 2821 306 2872 p.
326 2805 359 2856 51
378 2809 406 2854 et
420 2801 454 2858 81
470 2801 556 2857 Band.
661 2801 695 2857 13
711 2797 744 2858 τό
763 2803 890 2872 διμοιρον
907 2797 990 2869 μέρος
1006 2803 1039 2856 0.
1145 2800 1178 2856 17
1196 2821 1223 2870 p.
1242 2801 1276 2853 51

248 2879 277 2925 et
292 2870 326 2927 81
345 2872 429 2926 Band.
531 2867 562 2925 ἐν
579 2867 611 2926 81
628 2874 707 2943 ταῖς]
725 2867 799 2926 Δίον
815 2867 957 2940 γινώσκειν
974 2865 1048 2924 tat
1068 2865 1146 2938 ἅγιος
1162 2868 1278 2931 Μάνιος

244 2941 357 3006 πρῶτον
372 2937 424 3008 μὲν
439 2934 496 2994 ὑπό
512 2941 726 2996 Κωνσταντίνου
742 2942 794 2995 τοῦ
805 2941 925 3010 μεγάλου
938 2937 1171 3010 παρῳκοδαμήθη
1181 2936 1280 3007 Ἑλλή-

246 3029 304 3064 νων
327 3009 424 3078 πλήθη
448 3003 535 3064 ίκεῖσε
559 3007 765 3065 κατοικούντων
781 3007 888 3077 πολλά,
915 3007 965 3062 καλ
981 3004 1052 3072 ναός
1068 2999 1104 3076 ἦν
1127 3009 1179 3062 τοῦ
1200 3010 1280 3074 Διός,

245 3077 294 3132 καλ
313 3074 343 3133 ίκ
359 3081 415 3132 τῶν
431 3073 519 3131 αὐτοῦ
536 3080 625 3134 λίθων
641 3073 766 3149 ίκτίσθη.
784 3075 815 3133 ἐν
832 3081 890 3134 CF.
1010 3080 1044 3132 18
1062 3073 1233 3142 ίξορίζονται
1251 3075 1283 3132 σί

243 3145 380 3213 Ἀρειανολ
396 3147 452 3200 τῶν
468 3141 555 3216 ἁγίαν
571 3142 735 3218 ἐκκλησιῶν,
752 3147 801 3202 καί
816 3142 947 3210 ίλθόντες
962 3141 993 3200 ἐν
1007 3148 1046 3218 τῷ
1060 3149 1183 3221 cognitori
1195 3143 1280 3216 ἁγίου

246 3217 367 3270 Μανίου
383 3211 566 3286 ἠράσθησαν,
583 3215 633 3271 καὶ
649 3219 842 3289 παρακαλοῦσι
858 3218 898 3289 τῷ
914 3217 1025 3288 βασιλεῖ
1038 3219 1071 3272 F.

178 3354 283 3421 dragies
304 3348 401 3423 “kyrie
417 3348 556 3420 eleeson‚'’
584 3355 745 3409 acclamante
761 3355 877 3408 factione
893 3355 1003 3409 Prasino
1023 3349 1234 3410 “Constantinus
1251 3361 1280 3410 et

177 3423 345 3476 Theodosius
361 3440 470 3494 magnus
487 3432 515 3477 et
530 3423 587 3476 Leo
602 3425 712 3478 fortiter
728 3418 880 3479 vicerunt.”

281 3493 373 3546 Muros
397 3494 540 3547 maritimos
563 3499 640 3546 antea
661 3495 795 3564 neglectos
819 3493 945 3547 Tiberius
961 3494 1113 3565 Apsimarus
1131 3495 1282 3562 renovavit,

179 3561 295 3615 secundo
313 3567 401 3615 autern
418 3563 582 3616 restauravit
598 3565 703 3617 eosdem
720 3563 892 3633 Theophilus.

282 3631 394 3702 Templa
417 3633 468 3686 88.
491 3632 571 3686 Mocii
595 3639 623 3685 et
639 3633 735 3686 Manae
751 3633 855 3687 dicavit
870 3633 1059 3686 Constantinus
1073 3649 1198 3701 magnus,
1223 3650 1283 3686 cum

179 3700 253 3771 prius
282 3708 371 3754 essent
397 3703 460 3755 fana
485 3702 622 3756 idolorum.
658 3709 685 3756 et
709 3703 813 3773 quidem
837 3702 867 3754 8.
892 3702 1009 3769 Menam,
1036 3703 1129 3755 eiectis
1152 3703 1284 3756 duntaxat

178 3768 322 3822 simulacris
339 3777 368 3824 et
385 3788 453 3825 novo
470 3771 553 3824 indito
570 3771 687 3839 nominc,
705 3773 745 3826 uti
762 3777 821 3825 erat
833 3771 948 3840 reliquit.
982 3772 1112 3842 integram
1124 3789 1189 3824 vero
1200 3772 1284 3841 ipsius

178 3843 335 3892 structuram
359 3857 416 3894 cunr
439 3839 579 3895 vestibulis
602 3848 631 3894 ct
653 3841 736 3894 sacris
760 3841 832 3896 nasis
856 3841 931 3893 annis
955 3841 1006 3896 169
1028 3849 1090 3910 post
1105 3845 1283 3912 procurarunt

178 3907 317 3961 Pulcheria
343 3915 372 3963 et
396 3909 557 3964 Marcianus.
591 3911 715 3994 ternplum
742 3911 772 3964 8.
800 3911 882 3963 Mucii
907 3910 986 3980 duplo
1009 3917 1073 3964 tnnc
1099 3911 1180 3963 maius
1204 3926 1282 3978 qnam

179 3993 248 4029 nunc
265 3983 321 4047 est,
340 3979 429 4032 medis
443 3987 521 4048 parte
538 3985 671 4032 contrant
688 3979 879 4032 Constantinus
897 3995 1022 4047 magnus,
1041 3988 1070 4032 et
1085 3980 1169 4032 altare
1185 3979 1283 4031 ibidem

180 4046 276 4102 erexit.
310 4049 433 4116 quoniam
458 4065 522 4100 varo
546 4049 585 4100 ibi
610 4049 670 4101 olim
694 4051 724 4102 8.
750 4049 852 4101 Mocius
874 4049 1049 4118 interemptus
1074 4050 1174 4113 iuerat,
1202 4065 1283 4100 aare

178 4117 302 4184 ternplum
318 4117 368 4170 hoc
385 4119 395 4170 i
415 4119 470 4170 sius
487 4117 583 4169 nomini
601 4117 702 4170 dicavit
718 4119 827 4186 eiusque
846 4133 941 4185 corpus
958 4116 1020 4170 iiiuc
1036 4118 1183 4170 transtulit.
1217 4125 1287 4170 tern-

180 4197 245 4248 pore
270 4186 414 4240 Theodosii
439 4186 526 4256 magni
548 4185 726 4239 eiiciebantur
749 4185 841 4240 Ariani
866 4185 976 4238 ecclesia
1001 4203 1111 4254 magna3
1137 4199 1287 4257 posteaque

180 4255 280 4308 reversi
305 4257 435 4325 permissu
459 4255 623 4327 imperatoris
648 4263 809 4326 occuparunt
831 4255 954 4326 templum
981 4255 1012 4310 8.
1038 4253 1128 4308 Mocii.
1174 4255 1287 4325 septimo
