2814 4608
190 172 266 244 224
493 170 671 238 MEURSII
695 172 754 236 ET
779 171 984 240 LAMBEGII

187 355 338 438 probatur.
379 372 453 414 nam
472 363 507 414 ut
526 354 602 416 alias
622 353 778 416 observavi
798 352 1007 414 Constantium
1027 352 1190 442 Chiorum,
1213 358 1300 420 Con·

186 443 354 502 stantinum
378 458 539 519 magnum,
568 449 600 498 et
624 439 703 500 filios
730 439 796 499 eius
817 439 1028 500 Constantium
1048 443 1246 502 Constantem
1267 457 1300 505 et

187 527 434 604 constantinum,
464 527 539 584 item
568 525 715 584 Severum
742 527 955 606 imperatorem
976 536 1006 584 et
1026 527 1175 586 severum
1195 533 1300 590 Aure-

186 615 320 688 lianum,
354 613 485 672 lustinos
516 619 546 668 et
576 611 775 686 lastinianus,
806 613 1001 672 Valerianum
1033 623 1064 670 et
1093 614 1299 676 Aurelianum

186 699 382 778 imperatores
403 716 421 754 a
441 692 556 755 (dodino
578 697 616 755 ob
637 697 796 756 nominum
816 695 1046 756 similitudinem
1066 699 1145 756 inter
1165 719 1198 758 se
1220 720 1298 760 oon-

185 782 290 862 fundi‚
315 784 359 841 ita
385 779 444 842 boc
472 799 594 862 quoque
621 781 688 842 loco
715 782 784 840 Gari
810 792 840 840 et
868 783 969 842 Carini
995 784 1059 842 eius
1085 784 1142 842 lilii
1168 788 1297 846 nomina

184 871 287 950 ipsum
313 865 497 928 conscendere
526 868 683 943 existimo,
712 886 839 948 eamque
867 868 905 928 ob
933 887 1056 928 causam
1083 871 1203 928 nomini
1225 874 1296 932 cari

185 953 339 1014 addidisse
364 955 420 1016 τοῦ
442 946 573 1032 πατρός,
601 954 716 1012 scilicet
736 963 769 1011 ut
790 953 900 1012 Garum
920 963 1038 1033 petrem
1058 973 1078 1012 a
1098 955 1208 1015 Carino
1228 957 1294 1019 filio

185 1039 392 1118 distingueret.
433 1039 582 1098 Meursius
612 1058 667 1118 pro
700 1034 810 1116 Κάρον
841 1041 898 1101 rosi
927 1035 1038 1122 πατρὸς
1068 1045 1296 1122 Διοκλητιιινοῠ

184 1127 348 1205 legendum
375 1133 477 1182 censet
505 1117 613 1204 Κάρου
640 1126 696 1186 τοῦ
724 1119 782 1203 πρὸ
807 1127 1043 1203 Διοκίητιανοάτ
1072 1143 1166 1206 quam
1186 1147 1294 1186 emen-

185 1209 339 1270 dationem
366 1220 401 1269 ut
427 1210 616 1288 ingeniosam
643 1206 768 1289 quidem
794 1207 900 1281 laudo,
931 1207 986 1270 sed
1013 1221 1047 1268 nt
1074 1231 1129 1290 pro
1160 1215 1293 1291 genuina

185 1294 294 1357 dodini
314 1297 444 1356 lectione
464 1292 610 1370 habeam,
636 1304 720 1354 vetat
739 1295 891 1354 unanimis
911 1296 1049 1354 omnium
1069 1315 1132 1356 mss
1152 1295 1292 1358 codicum

186 1379 390 1444 contradictio.
432 1382 535 1444 Lan.

269 1489 298 1548 p.
323 1469 364 1531 16
384 1485 413 1524 v.
434 1469 484 1530 20.
530 1462 550 1529 εί
568 1460 671 1540 νότιος
691 1455 800 1542 πάλος]
821 1463 895 1524 satis
909 1461 987 1522 mihi
1002 1475 1141 1546 suspecta
1156 1478 1201 1528 est
1214 1466 1291 1528 haec

184 1553 248 1634 poli
268 1552 408 1612 australis
428 1559 535 1613 statua.
576 1551 610 1608 in
631 1553 774 1630 anonymi
795 1549 993 1612 collectaneis
1010 1549 1165 1612 chronicis
1180 1573 1212 1618 n.
1229 1558 1290 1621 191

184 1641 295 1718 legitur
329 1634 346 1700 δ
378 1629 522 1714 νομάτιος
555 1639 672 1710 ordior:
707 1653 800 1715 quare
835 1656 940 1694 vereor
974 1657 1014 1694 ne
1051 1638 1216 1716 legendnm
1251 1643 1293 1698 sit

184 1715 381 1802 δνομιίδειος
400 1724 516 1796 medior,
543 1730 577 1778 nt
596 1722 687 1780 fuerit
705 1731 805 1779 statua
824 1721 902 1800 pulli
922 1723 1042 1801 equini,
1069 1725 1162 1802 capite
1187 1727 1291 1804 proni,

183 1809 282 1868 forma
301 1806 466 1888 pascentis,
488 1805 594 1887 quoles
613 1807 646 1864 in
666 1805 796 1886 antiquis
815 1809 948 1865 nummis
965 1817 1134 1887 spectantur
1151 1810 1289 1887 plurimi.

184 1895 332 1954 subiicere
362 1893 437 1952 libet
465 1912 521 1972 pro
552 1893 695 1971 exemplo
726 1893 912 1952 rarissimum
938 1912 1099 1952 nummum
1122 1895 1163 1953 ll.
1187 1896 1293 1974 Opelii

184 1981 311 2040 Macrini
338 1979 544 2059 imperatoris,
575 1979 609 2036 in
636 1997 696 2058 quo
722 1978 830 2037 visitur
855 1997 951 2058 equus
970 1998 1096 2059 pascens
1115 1980 1194 2038 inter
1214 1979 1292 2040 duas

184 2067 282 2142 faces,
303 2085 374 2124 cum
393 2065 587 2144 inscriptione
607 2066 867 2126 ΕΠΠίίΙΚΤΟΣ.
888 2067 1151 2126 ΒῚΖΑΝΤΙΩΝ.
1190 2068 1292 2145 possi-

185 2149 274 2209 detur
309 2159 412 2208 autem
448 2145 499 2208 hic
534 2167 676 2208 nummus
712 2167 731 2208 a
763 2149 920 2208 Francisco
951 2149 1112 2210 Gotofredo
1143 2153 1292 2212 Romano.

183 2235 287 2294 nrm.

268 2338 300 2398 p.
323 2317 365 2380 17
384 2333 414 2376 v.
434 2313 465 2378 4.
508 2306 553 2379 οίν
579 2313 612 2379 ἐν
639 2314 686 2378 tet
710 2313 764 2378 καί
785 2311 877 2393 αάτδς
895 2317 1041 2396 τέθειται]
1072 2320 1222 2381 Eusebius
1251 2321 1290 2382 de
1383 2395 1384 2402 ρ

183 2405 247 2464 vita
268 2403 459 2464 Constantini
478 2399 499 2462 l.
521 2397 542 2462 4
562 2409 664 2461 auctor
684 2411 731 2460 est
750 2406 892 2482 apostolis
910 2425 980 2464 eum
993 2408 1127 2484 sepulcra
1142 2410 1290 2483 erexisse,

184 2508 275 2548 suum
300 2507 372 2546 vero
399 2487 432 2544 in
459 2483 560 2544 medio
584 2505 704 2560 eorum,
735 2491 816 2548 senis
838 2487 877 2547 ad
897 2501 1053 2570 utrumque
1072 2492 1151 2550 latus
1173 2512 1292 2552 monu-

184 2575 306 2634 mentis.
337 2573 459 2632 Mnuas.
502 2580 571 2648 post
596 2569 672 2630 haec
699 2573 790 2630 verba
817 2572 969 2634 adduntur
992 2577 1022 2633 in
1047 2596 1108 2636 uno
1128 2574 1195 2638 cod.
1218 2579 1292 2636 Vat.
1382 2645 1383 2660 ρ

184 2677 245 2716 non
271 2676 385 2737 pauca,
416 2674 492 2736 quae
521 2675 590 2715 cum
618 2658 651 2714 in
680 2655 768 2718 editis
796 2669 862 2718 tum
890 2679 1009 2742 quoque
1029 2663 1060 2718 in
1082 2663 1205 2720 caeteris
1226 2683 1292 2724 mss

185 2742 338 2804 codicibus
368 2741 584 2802 desiderantur.
625 2753 696 2802 sunt
724 2754 827 2802 autem
855 2743 944 2804 haec:
977 2739 1025 2808 ὅτι
1049 2745 1066 2808 ά
1086 2745 1177 2828 μέγας
1199 2753 1291 2812 Κοιν-

186 2836 343 2904 σταντῖνος
364 2823 476 2910 ἤρξατο
497 2829 607 2904 κτίζειν
627 2824 685 2908 τη“ν
707 2825 1031 2894 Κωνσταντινοάποίιν
1050 2831 1083 2895 ἐν
1104 2833 1162 2896 ἔτει
1194 2833 1289 2914 εοιίη’,
1381 2855 1382 2878 ¹

183 2912 335 2998 κρατήσας
362 2913 396 2976 ἒν
425 2907 503 2998 crispi
526 2906 656 2996 χρόνους
685 2913 854 2977 δεκαεννέα.
898 2915 1123 2996 περαιωθέντος
1149 2942 1207 2982 ουν
1235 2924 1290 2982 τοῦ

183 2997 344 3062 ἑνδεκάτου
373 2998 514 3060 ἐνιαυτοῦ
541 3002 597 3060 τοῦ
626 2993 721 3060 αὐτοῦ
747 2997 908 3080 βασιλίοος,
940 2999 993 3062 καί
1021 2997 1117 3082 άρχην
1143 3001 1289 3086 λαβόντος

184 3087 241 3144 τοῦ
268 3076 439 3146 δωδεκάτου
467 3082 567 3158 ἔτους,
596 3081 785 3166 ἐπεχείρησεν
803 3081 861 3168 την
882 3079 1034 3161 Βύζαντος
1055 3081 1145 3152 πόλιν
1165 3092 1284 3166 κτίζειν.
1380 3097 1381 3110 ’

184 3171 286 3228 baua.

269 3273 299 3330 p,
322 3255 363 3316 17
383 3274 410 3313 v.
431 3259 461 3318 7.
504 3251 537 3315 ἐν
558 3250 655 3337 η’μίρρι
675 3245 817 3338 τετάρτῃ]
844 3275 1003 3336 perperam
1023 3259 1171 3339 scriptum
1190 3261 1288 3318 estin

185 3338 298 3418 aliquot
318 3337 471 3398 codicibus
493 3335 619 3420 ἡμέραις
638 3335 868 3421 τεσσαράκοντα.
911 3344 1013 3402 Leuc.

268 3443 298 3502 p.
321 3426 362 3486 17
382 3445 409 3484 v.
432 3425 483 3487 13.
531 3427 570 3506 τῇ
599 3419 743 3507 ἑνδεκάτῃ
774 3429 831 3488 cosi
863 3429 973 3490 Μαΐου
1005 3424 1117 3508 μηνάς]
1154 3429 1289 3487 observa.

184 3526 263 3566 nora
290 3511 386 3568 Roma
412 3507 533 3570 condita
561 3519 607 3568 est
634 3519 665 3568 et
689 3530 801 3570 nomen
822 3515 937 3592 accepit
957 3511 1117 3572 undecima
1136 3515 1227 3572 Maii:
1261 3525 1291 3572 at
1378 3523 1379 3540 ³

185 3594 307 3673 antiqua
335 3595 401 3652 illa'
417 3596 458 3658 11
485 3591 547 3656 kal.
577 3595 641 3656 eius
667 3598 808 3672 mensis,¹
825 3607 859 3656 ut
887 3597 1031 3658 discimus
1052 3618 1092 3657 ex
1112 3597 1289 3658 kalendario

185 3688 303 3756 vetere,
332 3677 413 3759 quod
433 3681 466 3738 in
488 3699 557 3738 eum
579 3679 660 3739 diem
681 3683 792 3740 Parilia
813 3683 917 3745 reiicit.
959 3687 1081 3749 Menas.
1377 3731 1378 3740 .

268 3783 298 3842 p.
322 3766 363 3827 17
383 3784 411 3826 v.
434 3767 484 3830 13.
526 3759 564 3827 τά
594 3765 729 3848 ίγκαίνια
758 3771 815 3849 τῆς
844 3764 973 3851 πόλεως]
1008 3771 1178 3830 Simocatus
1211 3771 1289 3828 Hist.

184 3849 280 3908 Maur.
303 3851 321 3912 1
352 3851 406 3911 12:
435 3849 469 3912 ἐν
487 3853 526 3931 τῇ
546 3849 689 3936 ἐγκυκίίῳ
710 3855 771 3915 τάν
791 3851 950 3938 ίγκαινίοσν
970 3852 1068 3939 ἡμέρα
1088 3858 1143 3936 τῆς
1163 3849 1290 3928 πόλεως.

184 3933 253 3992 vide
274 3933 461 3993 Glossarium
480 3943 627 3996 nostrum.
669 3939 790 3998 Munus.

267 4041 297 4099 p.
321 4021 362 4082 17
381 4037 412 4075 v·
433 4015 484 4079 14.
526 4017 760 4102 προσηγορεύθη
793 4017 1126 4102 Κανσταντινοάπολις]
1164 4034 1193 4082 et
1232 4023 1288 4084 hoc

183 4101 308 4176 quidem
337 4106 377 4166 11
406 4100 489 4158 Maii.
531 4103 609 4160 clare
639 4103 689 4164 hic
717 4106 863 4166 videmus.
906 4128 983 4189 quaa
1013 4119 1084 4169 sunt
1111 4111 1206 4186 igitur
1235 4111 1289 4168 illa

181 4181 370 4265 Nominalia,
399 4203 477 4267 quaa
498 4181 592 4242 hiemi
613 4197 642 4245 et
659 4191 723 4250 sole
742 4189 780 4249 ad
795 4193 1008 4271 Capricornum
1024 4204 1167 4272 vergente
1183 4195 1289 4254 tribuit
