2814 4608
460 210 516 276 AD
543 207 743 276 CODINUM
766 205 936 278 NOTAE..
1168 211 1242 284 253

224 413 254 472 p.
278 390 319 458 58
343 409 371 452 v.
394 391 444 453 16.
486 411 541 469 pro
572 384 750 466 Φιλοὸὥροο
776 409 837 450 non
861 389 964 449 dubito
985 393 1059 472 quin
1079 393 1244 471 legendum

140 477 180 538 sit
210 473 388 556 Φιλοχόρου.
431 495 541 554 nempe
562 473 613 533 hic
633 473 833 534 Philochorus
855 474 1048 536 Atheniensis
1071 489 1132 551 est,
1165 485 1244 540 anti-

141 583 219 644 quus
245 564 298 620 ille
329 571 358 619 et
386 561 510 620 celebris
539 558 716 636 historicus,
749 563 802 640 qui
831 562 868 618 ab
897 561 1054 622 Athenaeo
1082 565 1244 626 Plutarcho

139 649 371 728 Harpocratione
391 648 522 706 Eusebio
546 657 576 705 et
597 649 664 705 aliis
681 649 796 726 passim
813 649 929 706 citatur.
973 667 1032 728 quo
1050 661 1150 708 autem
1165 663 1245 710 tem-

138 756 211 814 pore
233 734 342 793 vixerit
364 742 394 790 et
417 751 494 812 quae
516 734 683 811 scripserit,
708 735 883 810 plenissime
903 733 994 792 refert
1015 729 1135 798 Suidas.
1178 759 1247 796 cae-

139 831 237 878 terum
265 817 336 876 huic
366 818 474 876 Cadini
503 819 571 876 loco
601 815 743 892 debetur,
777 817 859 898 quod
886 821 997 878 scimus
1026 821 1127 899 ipsum
1154 822 1248 882 fuisse

139 925 234 965 unum
258 923 298 962 ex
320 903 498 962 decemviris
520 901 754 964 Atheniensium
777 907 957 982 nuncupatis
982 910 1147 986 λογισταῖς,
1181 910 1249 988 qui-

138 992 195 1050 bus
219 1009 323 1049 omnes
345 991 524 1068 magistratu
539 990 636 1046 functi
652 991 781 1047 rationes
798 989 964 1048 reddebant
982 989 1250 1054 administrationis

139 1079 184 1136 rei
213 1077 362 1156 publicae.
412 1074 450 1133 de
480 1071 563 1133 hisce
591 1077 708 1153 logistis
739 1095 793 1134 seu
821 1078 973 1136 rationum
1000 1079 1151 1158 magistris
1181 1078 1250 1140 vide

139 1164 409 1241 Harpocraticnem
437 1171 466 1218 et
493 1163 689 1220 Aristotelem
715 1163 847 1223 Polus
883 1165 919 1238 8,
961 1173 991 1222 et
1015 1163 1196 1223 Aeschinem
1217 1167 1252 1223 iu

140 1251 274 1306 oratione
297 1257 399 1304 contra
420 1245 658 1306 Demosthenem
680 1257 710 1304 et
728 1245 963 1326 Ctesiphontem.
1007 1251 1122 1309 Latinis
1143 1250 1252 1308 dicun-

141 1344 191 1392 tur
219 1343 368 1391 curatores
395 1333 614 1410 reipublicae,
645 1341 680 1389 ut
701 1333 723 1392 l.
745 1343 872 1395 curator.
895 1335 927 1392 C.
954 1332 991 1392 de
1013 1333 1105 1394 modo
1127 1338 1249 1394 multar.

143 1428 261 1477 curator
282 1418 502 1497 reipublicae,
536 1421 590 1500 qui
613 1419 726 1476 Graeco
748 1419 895 1478 vocabulo
918 1419 1030 1499 logiam
1049 1433 1249 1502 nuncupatur,

142 1501 294 1562 multandi
314 1505 362 1562 ius
383 1501 569 1566 nonhabet.
612 1506 715 1562 Laus.

227 1609 256 1668 p.
278 1588 318 1650 58
340 1609 368 1651 v.
392 1591 442 1652 18.
486 1589 638 1667 Auvuelu]
660 1609 730 1649 vera
748 1589 837 1648 lectio
855 1599 900 1648 est
914 1591 1060 1652 Δονοείοι.
1103 1589 1175 1649 dicit
1192 1591 1252 1650 Co-

143 1673 231 1733 dinus
254 1675 392 1733 Iconium
414 1676 487 1734 alias
510 1695 629 1756 quoque
652 1677 839 1756 appellatum
860 1677 954 1736 fuisse
975 1671 1066 1740 πόλιν
1087 1677 1252 1751 Aruseium

141 1780 269 1836 nempe,
297 1771 331 1818 ut
359 1761 480 1840 opinor,
510 1781 528 1819 a
555 1764 665 1820 Perseo
693 1763 812 1820 Danaes
842 1761 921 1836 filio,
951 1763 1014 1822 sive
1044 1761 1126 1842 quod
1147 1763 1184 1820 ab
1207 1781 1252 1836 eo,

142 1844 400 1926 quemadmodum
420 1849 513 1926 aliqui
531 1846 670 1922 tradunt,
692 1845 768 1906 haec
785 1847 856 1906 urbs
874 1845 993 1906 condita
1011 1849 1066 1922 sit,
1091 1849 1154 1907 sive
1170 1846 1253 1928 quod

141 1933 185 1990 ibi
212 1929 438 1990 Andromedam
462 1931 589 1991 dracone
612 1935 709 1992 occiso
732 1953 749 1990 a
770 1943 867 1991 morte
888 1934 1071 1992 liberaverit.
1115 1934 1254 1992 similiter

142 2019 244 2095 ipsum
272 2021 418 2076 Perseum
447 2017 572 2078 Ovidius
602 2020 785 2078 Graecorum
810 2020 979 2092 imitatione
1011 2027 1100 2079 vocat
1129 2017 1254 2077 heroem

142 2103 322 2162 Danaeium.
365 2106 466 2162 LAMB.

228 2208 260 2266 p.
283 2185 323 2249 59
345 2207 375 2250 v,
399 2192 417 2253 1
440 2208 487 2269 sq.
531 2188 564 2252 ἐν
584 2192 628 2276 τῷ
649 2183 766 2272 μεγάλῳ
788 2191 902 2272 λουτρῷ
923 2191 978 2251 τοῦ
1001 2187 1252 2264 Κωνστοιντίνου]

143 2273 177 2329 in
205 2275 348 2353 anonymi
376 2276 540 2334 Collectan.
567 2277 680 2352 legitur
712 2275 745 2336 ἐν
772 2279 813 2356 τῷ
843 2279 1109 2346 Κωνσταντιοινοιῖς
1129 2276 1254 2356 λουτρῷ.

144 2378 199 2438 pro
223 2361 455 2423 Κωνσταντίνοο
476 2361 569 2438 igitur
589 2357 782 2418 scribendum
803 2358 923 2418 videtur
947 2360 1172 2422 Κωνσταντίου.
1217 2357 1255 2416 de

143 2443 270 2502 thermis
302 2446 523 2504 Constantianis
553 2463 643 2524 saepe
673 2445 707 2505 fit
734 2447 849 2504 mentio
871 2443 953 2526 apud
974 2447 1133 2524 scriptores
1155 2443 1253 2502 histo·

145 2532 205 2588 riae
229 2531 294 2605 ΟΡ,
324 2541 354 2589 et
375 2530 456 2610 apud
476 2533 577 2611 ipsum
599 2529 750 2589 Codicum
771 2552 801 2610 p.
822 2533 863 2595 93
884 2551 913 2593 r.
935 2527 985 2595 14.
1029 2529 1140 2592 Suidas
1162 2530 1254 2588 refert

144 2614 320 2672 Helladium
349 2616 594 2674 Alexandrinum
621 2619 869 2692 grammaticum,
902 2619 956 2696 qui
984 2627 1121 2697 tempore
1148 2614 1254 2674 Theo-

147 2699 225 2757 dosii
249 2701 375 2758 iunioris
398 2702 491 2774 vixit,
520 2701 674 2777 scripsisse
697 2700 843 2778 ἔκφρασιν
864 2706 922 2762 τοῦ
942 2706 1071 2781 λουτροῦ
1092 2706 1256 2763 Κωνσταν-

145 2786 258 2845 riardo
285 2803 339 2842 seu
365 2784 592 2862 descriptionem
613 2784 797 2842 thermarum
824 2787 1115 2846 Constantianorum.
1157 2789 1254 2845 mua

232 2889 263 2946 p.
286 2867 326 2930 59
347 2888 376 2931 v.
400 2871 430 2931 9.
473 2863 599 2949 Σάββα]
622 2867 672 2926 hic
693 2881 737 2928 est
759 2871 791 2932 S.
814 2871 913 2928 Sabba
936 2872 1043 2945 abbas,
1068 2871 1121 2950 qui
1140 2871 1173 2926 in
1194 2873 1255 2927 Pa-

147 2955 276 3014 laestina
296 2955 373 3012 miro
395 2957 560 3014 sanctitatis
586 2957 728 3034 exemplo
752 2956 886 3030 refulsit,
919 2967 949 3014 et
969 2958 1016 3014 bis
1039 2975 1057 3013 a
1077 2951 1254 3034 patriarchis

147 3041 427 3120 Hierosolymitanis
465 3039 504 3098 ad
539 3043 732 3100 Anastasium
767 3052 797 3101 et
827 3043 1028 3100 lastinianum
1059 3041 1255 3120 imperatores

148 3125 266 3205 Cpolim
297 3127 415 3204 legatus
448 3137 510 3202 est,
543 3126 596 3184 ubi
627 3147 681 3206 pro
714 3125 773 3185 fide
803 3125 949 3186 catholica
979 3126 1122 3186 adversus
1152 3128 1256 3206 impu-

147 3223 274 3290 gnantes
304 3222 439 3270 sanctam
469 3210 619 3293 synodum
647 3211 922 3272 Chalcedonensem
949 3224 1069 3273 strenua
1097 3211 1256 3271 laboravit.

147 3299 237 3378 plura
265 3295 335 3357 vide
366 3297 404 3356 de
433 3316 468 3357 eo
495 3300 527 3356 in
549 3300 731 3378 Menologiis
753 3301 936 3359 Graecorum
958 3298 1006 3358 die
1029 3300 1048 3362 5
1069 3299 1254 3357 Decembris.

147 3386 248 3444 urm.

232 3489 264 3548 p.
286 3464 329 3530 59
349 3486 377 3530 v.
399 3463 449 3530 14.
492 3463 695 3549 deponimur]
727 3471 861 3550 loquitur
887 3467 925 3528 do
946 3477 1045 3528 statua
1066 3467 1256 3549 quadrigario

150 3554 339 3614 Constantini
360 3555 479 3630 magni,
502 3573 579 3634 quae
600 3557 695 3613 instar
715 3557 788 3615 solis
812 3557 908 3636 capite
930 3553 1045 3614 radiato
1064 3556 1164 3614 efficta
1182 3565 1255 3628 erat,

150 3651 181 3698 et
211 3639 318 3698 dextra
339 3641 475 3716 gestabat
498 3639 706 3716 Victoriolam,
738 3661 815 3722 quae
837 3663 891 3720 pro
912 3643 1045 3700 Fortuna
1065 3643 1149 3700 urbis
1173 3641 1256 3698 cole-

149 3727 247 3788 batur.
290 3727 418 3784 iusserat
454 3736 556 3784 autem
590 3727 804 3786 Constantinus
834 3737 868 3785 ut
897 3729 1056 3807 quotannis
1085 3725 1160 3785 haec
1193 3726 1256 3782 eius

151 3822 249 3870 statua
276 3813 371 3868 natali
399 3811 481 3870 urbis
511 3810 559 3869 die
581 3832 599 3871 a
619 3814 732 3872 civibus
755 3824 784 3872 et
806 3814 940 3871 exercitu
960 3815 994 3870 in
1015 3811 1256 3892 Hippodromum

151 3896 191 3954 ad
216 3898 348 3955 tribunal
372 3898 599 3978 imperatorium
627 3897 824 3958 deduceretur
846 3909 936 3979 atque
957 3899 1075 3957 solenni
1097 3909 1126 3956 et
1145 3903 1256 3954 statuto

150 3979 266 4040 honore
296 3983 478 4062 afficeretur,
511 3987 556 4044 uti
588 3986 679 4043 etiam
706 3985 820 4044 sactum
847 3995 892 4044 est
915 3982 1072 4065 usquead
1094 3983 1255 4061 imperium

151 4064 318 4126 Theodosii
340 4073 453 4148 magni.
497 4069 534 4130 de
554 4068 612 4130 hac
633 4071 821 4130 Constantini
842 4073 946 4149 magni
967 4080 1065 4129 statua
1087 4079 1117 4126 et
1138 4067 1255 4126 solenni

151 4153 217 4211 eius
248 4151 426 4214 deductione
453 4160 486 4214 iu
515 4155 755 4236 Hippodromum
779 4160 966 4218 mentionem
985 4157 1058 4214 facit
1077 4149 1255 4234 Hesychius.

150 4243 227 4298 item
249 4236 381 4300 Codinus
401 4261 434 4320 p.
454 4245 494 4306 17
516 4263 544 4302 v.
567 4245 606 4306 16
628 4253 658 4302 et
678 4264 708 4323 p.
726 4240 769 4306 40
787 4264 817 4302 v.
836 4245 867 4306 6.
910 4245 1009 4301 baua.
