2814 4608
466 239 524 304 tlD
553 237 752 305 connum
775 238 930 308 NOTAE.
1177 241 1252 314 271
1319 299 1321 302 .

231 444 262 502 p.
281 422 323 484 98
345 441 375 478 v.
395 417 426 498 4.
467 416 521 483 τὸν
551 418 647 483 ἐκεῖσε
677 415 757 482 ναόν
777 422 843 501 -τῆς
872 418 961 502 ἁγίας
983 413 1116 500 Ἀννης]
1146 425 1254 502 procul

148 508 240 568 dubio
271 507 450 584 intelligitur
477 507 626 584 templum
656 504 688 566 S.
717 509 837 580 Annae,
869 505 951 585 quod
970 508 1132 586 Procopius
1153 512 1194 567 ait
1214 509 1252 568 ab

146 596 313 654 Iustiniauo
343 595 375 650 in
401 593 468 650 loco
491 593 573 650 urbis
594 601 766 670 nuncupato
790 589 917 674 δευτέρῳ
939 590 1128 651 aedificatum
1148 595 1252 654 fuisse.

147 690 225 738 errat
251 682 342 756 igitur
368 675 425 736 hoc
451 677 519 746 loco
547 675 697 753 Codinus,
726 687 756 735 et
776 696 851 756 opus
871 679 1029 736 iustiniani
1049 682 1153 758 magni
1173 681 1252 742 falso

146 767 288 824 adscribit
307 764 474 822 Iustiniano
495 761 700 822 Rhinotmeto.
743 766 848 827 Lanu.

229 872 260 930 p.
279 851 321 914 98
343 869 372 908 v.
394 848 444 912 15.
484 843 596 928 Ἰωσὴφ
618 849 668 911 καὶ
690 844 863 930 Θεόδωρος]
897 846 935 906 de
957 847 989 912 S.
1012 846 1175 910 Theodoro
1197 852 1254 910 ab·

145 938 214 996 bate
240 937 416 994 monasterii
444 933 584 994 Studiaui
605 935 723 1014 prolixe
745 937 843 1013 agitur
863 935 896 991 in
915 936 1098 995 Graecorum
1118 939 1253 998 Menaeis

146 1020 194 1080 die
217 1023 257 1084 11
279 1021 468 1080 Novembris.
512 1022 575 1080 eius
597 1041 668 1078 vero
689 1021 781 1080 freter
801 1021 833 1079 S
852 1018 998 1100 Iosephus
1016 1019 1253 1082 Thessalonicae

146 1105 389 1186 archiepiscopus
416 1107 489 1181 fuit,
522 1117 556 1164 ut
583 1116 709 1164 testatur
736 1104 906 1164 cedrenus.
940 1101 1111 1211 Θεόδωρος,
1142 1111 1252 1188 iuquit,

145 1191 164 1256 o‘
194 1190 369 1274 ηγούμενος
399 1195 462 1253 cciv
494 1192 644 1254 Σπουδίου
675 1191 726 1253 nol
754 1185 865 1271 Ἰωσηφ
894 1189 910 1252 ὁ
938 1185 1129 1270 αὕταδελφας
1156 1191 1254 1258 αὐτοῦ

145 1273 377 1360 αἶρχιειιίσκαιιας
409 1278 639 1355 Θεσσαλρνίκηρ.
681 1288 808 1356 uterque
838 1297 943 1336 eorum
971 1273 1102 1351 κανόνας
1128 1301 1253 1360 compo-

145 1367 222 1438 suit,
244 1362 277 1426 id
300 1375 345 1422 est
364 1363 532 1442 hymnos
509 1383 572 1422 srve
594 1365 713 1421 cantica
729 1384 760 1420 so
762 1363 864 1420 leonia
874 1365 1030 1442 festorum
1072 1361 1126 1422 sed
1143 1376 1254 1424 notan-

146 1449 220 1508 dum
243 1459 287 1508 est
309 1451 341 1512 S.
363 1447 533 1528 Iosephunp
548 1446 703 1508 Theodori
725 1447 861 1508 Studitae
879 1449 1003 1506 fratrem
1020 1447 1172 1508 diversum
1187 1471 1252 1510 esse
1282 1517 1286 1528 Ι

146 1556 163 1593 a
194 1536 226 1598 S.
256 1533 385 1616 Iosepho
415 1534 541 1594 diacono
566 1533 761 1609 Antiochiae,
793 1535 847 1614 qui
867 1533 972 1592 itidem
995 1554 1146 1594 canonum
1167 1557 1253 1596 com-

144 1623 296 1699 positione
323 1623 422 1680 clarus
450 1632 496 1680 est
524 1630 554 1678 et
580 1621 613 1678 in
639 1622 773 1680 Menaeis
795 1622 978 1678 Graecorum
998 1632 1182 1680 memoratur
1203 1620 1252 1680 die

142 1707 456 1786 3Aprilis.1mum.
519 1746 528 1778 3

228 1814 259 1872 p.
281 1793 322 1854 99
343 1812 373 1853 v.
397 1792 448 1856 13.
491 1786 650 1870 Σαμψών]
688 1785 771 1870 quod
803 1787 935 1848 Codinus
965 1787 1024 1848 hoc
1053 1791 1120 1850 loco
1150 1792 1251 1868 refert,

142 1879 344 1936 Iustinianum
383 1879 598 1958 imperatorem
636 1897 654 1934 a
693 1878 859 1956 Sampsoue
895 1876 1074 1934 miraculose
1112 1888 1253 1936 sanatum

141 1964 250 2042 fuisse,
282 1966 406 2044 eiusque
436 1962 558 2023 hortatu
585 1963 681 2021 veluti
701 1983 754 2042 pro
778 1964 941 2039 gratiarum
962 1963 1078 2019 actione
1099 1965 1253 2042 amplissi-

142 2069 228 2106 mum
256 2048 429 2108 aedificasse
455 2048 605 2128 hospitale
626 2057 832 2128 nuncupatum
854 2047 1044 2126 Sampsonis,
1075 2048 1252 2108 confirmant

143 2135 326 2192 unanimiter
354 2133 572 2213 Metaphrastes
602 2136 635 2191 in
662 2136 725 2192 vita
752 2133 784 2192 S.
812 2133 987 2211 Sampsonis
1016 2143 1046 2190 et
1068 2135 1251 2194 Graecorum

142 2221 315 2298 Menologia
338 2219 557 2292 die271unti
601 2240 700 2300 neque
723 2221 822 2277 miuus
845 2221 1006 2297 Procopius
1027 2219 1084 2281 11
1109 2219 1146 2277 de
1165 2220 1252 2278 aedi-

135 2305 221 2380 ficiis
251 2307 417 2364 Iustiniani
445 2305 529 2364 idem
558 2306 681 2385 probat,
717 2315 751 2364 ut
782 2313 885 2363 contra
918 2305 1046 2363 aliorum
1077 2306 1251 2384 opinionem

143 2389 317 2450 doctissime
354 2393 517 2452 declaravit
551 2395 617 2452 Nic.
646 2393 835 2450 Alemannus
867 2390 902 2446 in
932 2391 1011 2448 notis
1041 2386 1081 2447 ad
1112 2392 1252 2472 Procopii

142 2470 297 2541 ἀνέκδοτα.
340 2479 446 2540 hautu-

226 2585 255 2642 Ρ
279 2567 341 2628 100
362 2585 390 2624 v
414 2565 464 2637 19.
509 2561 530 2642 ἡ
557 2560 590 2626 δὲ
617 2555 748 2639 Δάφνη]
783 2558 901 2618 videtur
928 2559 1012 2640 loqui
1042 2556 1080 2616 de
1108 2560 1250 2621 suburbio

141 2650 295 2706 nominato
317 2649 462 2725 Daphne,
487 2649 571 2714 cuius
592 2649 796 2705 meminerunt
817 2646 963 2723 Euagrius
985 2643 1129 2722 Agathias
1150 2647 1252 2704 etalii

144 2733 314 2808 scriptores.
357 2742 509 2789 caeterum
540 2730 623 2812 quod
654 2733 695 2788 ait
722 2729 857 2789 Codinus
877 2733 969 2790 moris
991 2731 1084 2789 fuisse
1104 2741 1139 2788 ut
1160 2742 1251 2812 quot·-

144 2818 232 2874 anuis
263 2815 397 2874 calendis
427 2817 559 2874 Ianuarii
585 2817 717 2896 populus
742 2817 927 2918 principibus
948 2827 978 2873 et
998 2819 1115 2874 senatui
1132 2817 1250 2876 laureas

144 2901 281 2974 offerret,
315 2919 381 2958 eam
409 2901 447 2958 ob
475 2921 596 2961 caucam
621 2902 727 2976 fiebat,
760 2905 904 2982 quoniam
930 2903 1032 2960 laurus
1060 2900 1182 2980 prodest
1209 2900 1250 2960 ad

143 2989 304 3047 sanitatem
335 2988 460 3066 eiusque
490 2989 664 3068 symbolum
692 2997 754 3062 est,
793 2998 827 3046 ut
855 2997 981 3048 testetur
1009 2989 1250 3091 Geopouicorum

144 3075 290 3134 auctor2
325 3079 359 3138 2:
395 3071 513 3175 λέγουσι
541 3072 588 3151 δέ,
617 3075 731 3154 inquit,
760 3070 811 3136 καὶ
837 3077 926 3136 ταῦτα
954 3072 1098 3179 περὶτῆς
1119 3067 1249 3154 δάφνης,

143 3153 190 3222 ότι
179 3156 325 3264 „²54¹le
343 3152 536 3268 ἒργαστηριον
555 3119 650 3222 tc'rrv·
674 3155 751 3222 oder
770 3157 822 3221 καὶ
844 3154 945 3265 φύλλα
964 3154 1057 3237 αὐτῆς
1076 3159 1250 3224 ἐπεδίδοντο

142 3249 206 3316 τοῖς
227 3263 351 3326 αρχονσι
372 3241 454 3327 παραὶ
476 3269 530 3308 τον
518 3239 653 3326 δήμου
675 3249 714 3330 τῇ
734 3239 839 3330 πρώτῃ
860 3249 916 3308 τοῦ
934 3237 1120 3328 Ἰανουαρίοα
1140 3239 1248 3326 μηνός.

140 3333 242 3391 boun.

227 3435 259 3493 Ρ.
284 3418 343 3480 101
365 3436 395 3476 ι.
419 3418 468 3482 11.
512 3413 537 3498 ἡ
561 3413 595 3490 δὲ
623 3417 732 3498 σιδηρᾶ
758 3411 871 3497 πόρια]
901 3435 992 3498 quem
1019 3417 1052 3474 iu
1076 3419 1249 3521 praesentia

139 3512 261 3579 portam
281 3501 418 3582 ferream.
447 3513 549 3578 vocat,
581 3503 673 3582 paulo
701 3512 769 3581 post
798 3504 931 3582 appellat
957 3499 1014 3582 τήν
1042 3499 1159 3586 πόρταν
1186 3506 1249 3564 τοῖν

142 3592 284 3664 Ecurria,
316 3585 416 3648 idest
439 3600 561 3668 portam
576 3599 686 3668 portua
709 3587 859 3667 Sophiani
884 3589 947 3648 sive
970 3597 1094 3666 portum
1118 3587 1249 3667 Sophist-

141 3693 223 3734 nam.
266 3675 368 3732 Lana.

226 3779 256 3838 Ρ.
279 3760 342 3822 103
361 3777 393 3819 v.
416 3761 467 3822 18.
511 3757 549 3819 de
569 3758 746 3822 Theoctistc
767 3761 892 3842 eiusque
910 3756 1002 3818 caede
1016 3757 1085 3873 vide
1098 3761 1247 3818 Zonarem

139 3845 173 3900 in
192 3842 375 3924 Theophilo.
417 3848 523 3908 Ιιιιιι.

227 3950 257 4007 Ρ.
281 3929 344 3994 104
366 3951 397 3990 v.
418 3930 449 3996 4.
492 3930 530 3990 de
561 3929 619 3992 hac
649 3941 747 3992 statua
775 3928 944 3991 Eleutherii
973 3932 1045 3991 satis
1073 3929 1177 3989 notavi
1208 3926 1247 3987 ad

141 4032 174 4092 Ρ.
194 4012 235 4078 49
254 4033 283 4078 ι.
303 4016 352 4080 15.
381 4011 529 4120 procedo
531 4040 610 4086 ινον
618 4018 651 4076 in
671 4019 765 4078 tribus
787 4015 939 4077 codicibus
959 4017 1109 4079 Vaticanis
1130 4013 1247 4074 diverse

142 4098 272 4177 legitur,
300 4095 504 4176 ἐξακανθινον
526 4097 736 4182 ἐξακᾶνθριον
759 4115 789 4164 et
809 4102 1056 4180 ἔξακανθίλουον.
1099 4098 1153 4159 sed
1173 4097 1248 4181 quid

141 4185 202 4244 iata
229 4184 287 4244 sibi
314 4187 425 4266 velint,
453 4210 516 4249 non
536 4192 609 4260 satis
629 4189 708 4250 mihi
728 4200 854 4250 constat.
895 4186 1025 4272 κόφινος
1045 4206 1116 4246 vero
1138 4184 1247 4246 dicitur

140 4289 194 4331 vas
216 4291 257 4332 ex
276 4271 432 4353 virgultis,
453 4285 550 4336 terrae
569 4275 735 4360 portandae
753 4276 920 4360 proprium.
961 4276 1067 4334 Laus.
