2808 4616
158 199 234 274 rao
487 184 709 274 'ouonorus
733 199 919 271 commus

113 399 140 454 1)
261 386 326 456 Τδν
349 382 434 472 ἅγιον
458 384 609 476 Γιῶργιον
632 387 672 454 τὰ
695 392 854 455 Χαλκίδου
879 388 1004 478 Σέργιος
1027 388 1044 457 5
1069 391 1260 484 πατριάρχης

153 495 268 563 ἔκτισεν
294 489 311 557 5
336 489 500 577 αἲρετικδς,
527 492 559 556 έν
581 483 608 581 ᾧ
629 494 680 558 καὶ
702 493 737 558 τδ
760 495 892 578 βέβηλον
916 493 1011 562 adsoni
1036 503 1129 580 σῶμα
1152 511 1260 568 κεῖται.

154 597 268 684 ὁμοίως
290 597 340 661 καὶ
364 593 403 660 τά
428 595 460 660 έν
481 604 545 672 τοῖς
568 597 803 679 κατηχουμένοις
827 594 971 686 εάκτήρια
995 595 1096 666 πάντα
1123 599 1140 667 5
1164 604 1259 683 αάτδς

154 700 267 780 iussos,
299 697 371 776 δαάς
400 700 464 764 έκεΐ
485 707 588 787 χρυσᾶ
619 697 759 784 κειμήλια
790 703 841 766 καί
870 700 989 790 ἀργυρά
1015 705 1070 769 καὶ
1092 706 1258 796 πορφύρας

152 801 346 894 διαχρύσους.
1263 827 1283 881 ⁵
1380 879 1381 902 ,

256 908 321 975 Τδν
346 906 432 994 ἅγιον
456 906 614 996 Στέφανον
636 905 689 972 τὸν
711 908 839 990 πλησίον
861 913 917 974 τοῦ
941 909 1095 995 Σίγματος
1119 907 1136 977 5
1158 913 1256 998 μέγας

149 1015 383 1090 Κωνσταντῖνος
405 1011 528 1079 ἔκτισεν.
580 1004 596 1076 5
621 1012 655 1078 δέ
671 1010 817 1094 totatuta
834 1011 928 1083 Λέιαν
945 1008 963 1077 5
981 1009 1150 1103 φιλόσοφος
1166 1017 1254 1100 {opl-

150 1142 240 1206 κρανε
264 1123 372 1184 τοῦτον
378 1165 389 1197 ,
415 1119 464 1182 καὶ
488 1117 545 1202 τὴν
567 1114 644 1201 δ’λην
668 1121 787 1194 πάσαν,
812 1111 852 1180 τά
868 1140 900 1182 τε
916 1113 1068 1205 μάρμαρα
1085 1121 1137 1184 καὶ
1152 1121 1256 1199 κίονας

149 1224 201 1287 καὶ
217 1221 274 1300 τάς
287 1226 407 1311 χρυσοῖς
422 1223 581 1310 ψηφῖδας,
606 1221 738 1287 ἀπέθετο
756 1222 798 1296 τίς
813 1217 885 1298 τοδς
900 1216 1006 1306 ἁγίους
1021 1217 1152 1304 πάντας,
1176 1221 1253 1290 ὅπου

148 1334 244 1390 κεῖται
260 1325 299 1390 τά
315 1326 446 1410 λείψανα
462 1333 518 1390 τοῦ
534 1322 621 1411 ἀγίου
634 1325 775 1392 Ἰσακίοα.
1259 1343 1297 1398 10

251 1429 316 1495 Τδν
340 1426 425 1514 άγιον
449 1427 667 1517 Μητροφάνην
690 1427 707 1496 5
729 1430 825 1515 μέγας
842 1430 1073 1506 Κωνσταντΐνος
1089 1425 1252 1519 ἀνήγειρεν.

59 1531 135 1598 1³63
150 1529 298 1611 ὧσαάτως
324 1534 375 1599 καὶ
401 1533 458 1618 τὴν
484 1530 573 1620 ἁγίαν
597 1531 709 1622 τριάδα
731 1533 787 1618 τὴν
810 1526 905 1602 οὖσαν
929 1537 971 1612 εἰς
992 1531 1028 1598 τδ
1050 1531 1254 1616 Ἒξωκιάνιον,

145 1637 202 1722 τὴν
219 1643 273 1704 νῦν
290 1637 324 1702 δέ
341 1634 445 1722 ἀγέους
461 1633 650 1730 ἀποστόλους
671 1637 904 1723 ὀνομαζομένην.
956 1637 1197 1722 συμπτωδέντας
1219 1640 1253 1704 δέ·

145 1737 274 1831 ὕστερον
292 1737 309 1806 5
325 1741 419 1826 μέγας
430 1740 643 1818 Ἰουστινιανδς
658 1739 764 1808 ἴκτισε.

248 1845 328 1933 Περὶ
352 1845 387 1910 δέ
410 1850 466 1912 τοῦ
482 1843 661 1934 προδρόμου
679 1851 735 1912 τοῦ
749 1843 850 1912 Ἴλλου
867 1843 985 1930 λέγεται
1003 1840 1051 1910 δτι
1067 1844 1148 1931 πηγὴ
1163 1835 1202 1930 ἦν
1218 1846 1251 1910 ἓν
1258 1861 1295 1914 15

144 1952 191 2038 τῷ
206 1943 308 2038 τόπῳ,
334 1951 386 2014 καὶ
404 1944 526 2036 δράκων
542 1947 677 2038 {prditus
692 1947 982 2036 παμμεγεθέστατος
1004 1939 1060 2033 (ἦν
1078 1950 1112 2014 δέ
1128 1957 1252 2033 ταμεῖον

144 2051 306 2135 βασιλικὸν
335 2053 413 2138 ἐκεῖ)
446 2054 497 2118 καὶ
527 2053 660 2132 πολλοὺς
687 2053 843 2131 ἀσκέπτως
870 2051 1051 2140 ἐρχομένους
1074 2049 1252 2137 κατήσθιεν.

145 2150 163 2217 δ
194 2156 228 2221 δὲ
259 2153 344 2240 δίγιος
365 2151 512 2233 Ὑπάνιος
536 2156 718 2245 προσελθὼν
744 2154 872 2235 ἐπάταξε
897 2155 951 2222 τὸν
976 2160 1064 2243 θῆρα
1088 2157 1168 2240 μετδ
1194 2163 1252 2242 τῆς

214 2296 430 2382 1ρ.59Βετιδ.
513 2289 670 2384 raihta]
688 2294 738 2352 τάν
753 2291 785 2351 έν
801 2295 1011 2384 Χαλκηδδνττθ.
1076 2301 1108 2384 ⁸2
1125 2293 1247 2386 ᾇιτισεν·

212 2365 317 2435 ομοίως
338 2361 385 2419 καί
405 2362 457 2434 τὴν
475 2366 616 2420 θυοτατιον
632 2385 668 2420 τα
686 2367 873 2436 Μαρνακίου,
901 2361 932 2422 έν
949 2387 970 2441 φ
989 2365 1038 2424 καί
1053 2387 1085 2422 το
1101 2384 1176 2436 ortuo
1194 2387 1246 2422 αυ-

213 2435 267 2488 τοῦ
282 2439 387 2520 palpat,
406 2435 509 2519 omissis
525 2435 642 2519 reliquis.
674 2505 687 2518 .
731 2435 753 2521 ‚6
764 2455 798 2555 p.
816 2439 849 2491 21
867 2437 953 2493 Band.
1046 2434 1166 2508 σήματος
1182 2441 1247 2494 Vat.

214 2504 234 2557 8
258 2520 312 2573 την
328 2507 398 2572 υληυ
414 2520 508 2558 ποιουν
524 2523 580 2558 ταν
596 2522 703 2573 γρυσων
720 2515 763 2573 αψ
775 2505 847 2573 δαν,
873 2508 1079 2572 πολυποικίλιον
1096 2507 1184 2560 λίθων
1200 2506 1251 2560 καὶ

213 2572 312 2635 κίονας
337 2568 463 2626 ἀπέθετο
488 2569 529 2636 είς
549 2571 615 2636 τοδς
636 2571 735 2644 ἀγίσυς
750 2569 939 2646 ἀποστόλους,
964 2573 1101 2632 salsuris
1121 2569 1250 2646 ἀνήγειρε

211 2635 279 2724 soris
300 2637 400 2710 ἁγίους
421 2639 530 2728 πάντας
550 2644 584 2700 C.
680 2708 687 2730 ι
709 2640 762 2732 τήν
787 2646 838 2698 add
864 2647 897 2729 0,
1015 2647 1032 2703 9
1057 2643 1155 2716 άγίους
1176 2641 1250 2699 άπα-

211 2713 329 2772 στολους
356 2710 405 2765 καλ
433 2729 504 2766 ναον
528 2708 615 2768 ἔκτισε
638 2731 704 2776 τους
728 2711 826 2783 αγίους
849 2732 958 2778 παντας
979 2714 1153 2786 καλούμενον
1179 2715 1248 2786 Reg.

212 2782 248 2836 11
258 2798 286 2851 p.
297 2783 350 2837 134
358 2780 441 2835 Band.
511 2785 545 2836 15
555 2783 715 2855 prauam.
787 2785 822 2840 18
833 2781 1011 2854 προσελθὼν]
1024 2781 1251 2854 παραγενόμενος

211 2845 282 2920 μετὰ
305 2853 355 2919 τῆς
379 2846 488 2974 δάςδου
514 2847 603 2907 αὐτοῦ
627 2848 743 2924 έγαύσης
765 2850 897 2908 κάτωθεν
920 2847 1005 2922 ἥλους
1027 2855 1174 2924 σιδηροῦς,
1189 2855 1249 2939 ,καί

211 2920 366 2988 σφραγίσας
381 2939 418 2974 κα
445 2918 566 2989 κρούσας
582 2918 632 2977 τάν
649 2919 791 2990 δράκοντα
807 2918 963 2992 turpato,
990 2921 1040 2977 καί
1052 2919 1146 2996 λαβὼν
1162 2919 1249 2978 αυτδν

211 2985 300 3056 μέσον
316 2989 367 3043 τοῦ
383 2986 476 3059 φόρον
491 2987 639 3061 προύθηκε
655 2987 754 3060 νεκρὸν
770 2989 819 3045 καί
837 2989 954 3046 ἔκαυσεν
970 2989 1067 3046 αὐτόν.
1094 2994 1187 3063 CReg.

244 3107 383 3178 Templum
408 3111 438 3164 S.
457 3111 569 3181 Georgii
586 3111 793 3180 cognominatum
812 3111 952 3165 Chalcidae
969 3112 1080 3183 Sergius
1097 3113 1249 3183 patriarcha

140 3177 292 3232 haereticus
316 3180 459 3233 exstruxitr
483 3181 528 3234 ubi
554 3181 633 3234 etiam
655 3183 793 3252 profanum
817 3182 873 3234 eius
899 3182 1012 3236 cadaver
1037 3183 1170 3252 sepultum
1194 3189 1248 3236 est.

140 3245 208 3298 idem
229 3263 335 3316 qnoque
356 3249 507 3304 aedificavit
522 3251 653 3318 oratoria,
679 3268 747 3321 quaa
765 3251 869 3304 suntin
886 3252 1095 3320 catechumenis,
1120 3258 1149 3305 et
1166 3251 1250 3304 multa

138 3314 368 3438 fflhtmgim'
383 3325 425 3372 est
441 3336 522 3374 aures
540 3327 568 3373 at
585 3325 711 3390 argentea
727 3321 845 3390 cimelia,
866 3326 895 3374 et
910 3338 1055 3393 purpureus
1072 3327 1164 3376 vostea
1182 3337 1247 3374 auro

204 3401 236 3437 no
249 3402 288 3440 as.

244 3455 343 3510 Aedem
361 3458 391 3511 8.
411 3458 555 3530 Stephani,
592 3477 656 3532 rope
671 3460 776 3530 Signa,
795 3461 984 3515 Constantinus
996 3477 1105 3530 magnus
1117 3459 1249 3513 condiditz

138 3521 282 3593 imperator
298 3545 363 3580 vero
380 3527 437 3582 Leo
454 3477 625 3600 philosopius
644 3531 678 3583 ad
695 3531 819 3584 minorem
836 3532 944 3584 formam
961 3531 1079 3602 redegit,
1102 3537 1130 3583 et
1147 3546 1249 3584 omnem

139 3592 196 3646 eius
227 3595 379 3664 materiem,
412 3615 555 3665 marmora,
586 3602 718 3654 columnas
744 3607 771 3652 et
796 3617 890 3654 aureas
917 3601 1046 3654 crustulas
1071 3600 1099 3652 in
1123 3601 1248 3671 templum

138 3661 253 3718 omnium
270 3679 417 3722 sanctorum
433 3670 586 3737 transtulit,
609 3671 656 3723 ubi
673 3671 811 3740 depositae
827 3669 955 3740 reliquiae
971 3671 1003 3724 S.
1021 3668 1126 3724 lsaaoii.

242 3733 386 3790 Ecclesiam
412 3736 443 3791 8.
470 3739 656 3810 Metrophanis
681 3739 871 3793 Constantinus
895 3755 935 3793 mo
973 3755 1005 3793 us
1029 3739 1176 3792 exstruxita
1208 3735 1248 3790 uti

139 3801 229 3856 etiam'
246 3803 337 3858 aedem
359 3813 467 3860 sanotae
487 3809 632 3877 trinitatis,
658 3825 725 3878 quaa
748 3809 800 3862 sita
826 3815 868 3862 est
890 3809 917 3862 in
966 3809 1103 3876 xooionio,
1129 3814 1158 3861 ot
1177 3823 1247 3859 nuno

137 3879 250 3928 vocatur
277 3875 331 3928 88.
361 3875 548 3946 apostolorum.
581 3885 720 3949 utramque
748 3895 815 3933 vero
843 3884 978 3933 vetustata
1002 3879 1143 3949 collapsam
1166 3875 1247 3928 lusti-

136 3941 230 3998 niauus
247 3961 355 4016 magnus
371 3946 542 4000 restaurarit.

240 4015 282 4068 Da
304 4016 401 4086 templo
426 4015 456 4068 8.
479 4015 584 4070 Ioannis
606 4015 788 4088 praecursoris
805 4016 961 4086 cognomino
976 4016 1019 4070 Illi
1035 4017 1145 4070 tradunt
1160 4015 1247 4068 maxi·

137 4093 206 4134 muru
228 4084 366 4138 draconem
391 4085 452 4138 olim
473 4085 502 4137 in
526 4104 558 4139 eo
582 4087 639 4140 loco
664 4088 799 4154 latitasse,
825 4086 871 4139 ubi
888 4085 1092 4140 munerarium
1110 4085 1248 4157 imperiale

138 4158 214 4218 em,
249 4163 277 4207 et
304 4157 400 4210 multos
428 4154 535 4209 incauta
562 4155 621 4210 illac
650 4163 815 4210 transeuntes
845 4155 999 4210 devorasse.
1046 4156 1154 4210 tandem
1181 4173 1248 4210 vero

137 4213 169 4270 8.
195 4217 329 4292 Hypatius
356 4244 387 4280 eo
414 4223 540 4294 accessit,
568 4235 596 4279 et
618 4227 715 4282 fustem
736 4227 829 4283 subtus
849 4225 981 4280 clavatum
998 4225 1108 4279 draconi
1124 4225 1247 4295 impegit,
