2814 4608
468 249 524 314 AD
553 245 752 314 CODINUM
776 248 931 314 NOTAE.
1179 249 1251 320 251

230 453 261 512 Ρ.
282 430 323 498 55
344 450 374 493 v.
398 432 449 495 12.
492 429 626 502 indemne
654 438 684 486 et
714 423 869 491 indixeroiv
896 429 1019 488 Graecis
1040 433 1253 492 recentioribus

147 517 323 596 ἐπινέμησιν
344 537 398 576 seu
419 515 610 573 indictionem
631 514 811 592 significant.
855 533 933 594 quae
954 535 1025 574 vero
1047 515 1098 575 hic
1120 517 1254 578 Codinus

148 606 238 662 refert
261 602 297 660 de
318 601 518 660 indictionum
538 602 704 682 principio,
730 600 887 658 confirmat
906 603 1034 660 Ioannes
1052 601 1156 681 Lydus
1176 606 1254 664 libro

147 690 184 746 cle
214 687 363 746 mensibus
393 707 425 766 p.
458 690 530 750 122.
572 685 627 746 sed
657 697 730 745 nota
759 685 956 745 indictionem
985 707 1040 746 seu
1069 687 1152 751 ἔπινέ
1153 709 1254 770 μησιν,

147 795 225 855 quae
248 773 327 852 apud
350 777 509 852 scriptores
530 773 690 832 Graecos
681 792 714 828 m
735 791 793 830 usu
814 782 858 831 est
877 782 907 830 et
926 773 1155 850 cognominatur
1176 779 1256 836 Cae·

147 879 245 932 sares,
279 861 428 938 incepisse
455 867 525 938 post
552 856 708 918 Christum
729 867 836 916 natum
857 877 936 918 enno
957 860 1037 934 312,
1062 858 1111 918 die
1133 859 1175 924 24
1197 862 1255 920 Se-

68 977 70 983 ·
145 946 307 1026 ptembris,
331 965 392 1025 quo
414 945 629 1002 Constantinus
649 963 778 1022 magnus
799 945 988 1002 Maxentium
1010 943 1120 1004 devicit
1142 955 1172 1004 et
1191 937 1255 1005 ita-

145 1035 202 1088 tim
222 1041 293 1110 post
313 1031 472 1090 victoriam
493 1027 671 1090 Christianis
692 1031 863 1089 libertatem
880 1028 1001 1092 indixit.
1046 1033 1154 1106 altera,
1176 1051 1255 1112 quae

144 1119 282 1176 Romana
302 1127 427 1176 vocatur
448 1125 478 1174 at
499 1117 615 1174 Latinis
637 1115 831 1194 scriptoribus
851 1117 961 1176 usitata
982 1127 1044 1194 est,
1081 1138 1099 1176 a
1120 1117 1256 1178 calendis

145 1204 291 1262 Ianuariis
312 1202 507 1307 sequentibus
528 1202 650 1280 incepit.
692 1203 791 1262 Luc.

230 1309 261 1368 Ρ.
284 1287 325 1350 55
349 1308 379 1347 ι.
401 1287 450 1351 14.
492 1280 659 1360 Ἀππιανῦς
679 1287 765 1349 Δλων
786 1285 833 1364 τε]
862 1287 905 1346 ita
929 1285 1147 1346 restituendum
1170 1286 1255 1360 duxi,

146 1392 217 1432 cum
242 1393 401 1452 perperam
421 1375 455 1431 in
477 1370 630 1431 codicibus
652 1374 771 1450 scriptis
792 1375 943 1450 legeretur
966 1368 1192 1445 Οῦεσπασιανὸς
1213 1368 1254 1434 δι’

147 1482 191 1519 ων
213 1481 253 1518 τε.
296 1459 365 1517 vide
393 1458 568 1538 Appianum
597 1457 841 1516 Alexandrinum
865 1459 888 1516 l.
910 1461 927 1521 1
950 1458 1057 1516 dcl
1009 1457 1081 1515 bell
1069 1480 1095 1515 ιι
1116 1458 1255 1516 civilibus

147 1554 177 1600 et
212 1545 342 1602 Dionem
377 1545 401 1602 l.
431 1543 489 1620 41,
527 1545 581 1603 ubi
615 1545 735 1624 prolixe
769 1554 907 1602 narratur
939 1563 1030 1624 quam
1062 1544 1101 1603 ob
1133 1563 1256 1602 causam

146 1630 312 1689 C.1ulius
344 1631 455 1690 Caesar
485 1627 653 1710 Dyrrachio
686 1627 883 1690 Brundisium
914 1632 996 1688 solus
1026 1639 1055 1688 et
1083 1631 1256 1706 incognitus

145 1715 287 1793 navigare
314 1727 438 1776 conatm
466 1717 574 1792 fuerit,
606 1727 637 1775 at
665 1715 816 1795 quomodo
842 1726 1022 1795 tempestate
1050 1713 1173 1774 adversa
1200 1713 1256 1772 de-

144 1801 279 1862 bilitatos
315 1813 477 1861 nautarum
512 1804 629 1862 animos
658 1804 707 1860 sui
736 1801 905 1861 detectione
934 1801 974 1860 ad
1002 1791 1088 1881 spem
1118 1803 1255 1862 erexerit.

144 1888 243 1948 torn.

229 1993 260 2050 P.
283 1973 324 2036 55
346 1991 375 2035 v,
398 1971 438 2037 15
459 1990 504 2052 sq.
547 1964 609 2034 sind
633 1966 831 2046 Νικοπόλεως
854 1972 897 2045 εἰς
917 1996 951 2034 το
945 1965 1165 2054 Δυρράχιον]
1196 1969 1255 2030 hoc

144 2057 258 2116 falsum
286 2067 341 2116 est.
384 2057 500 2135 corrige
526 2058 619 2136 igitur
639 2055 793 2118 Codinum
815 2078 856 2116 ex
875 2059 1008 2137 Appiani
1030 2069 1060 2118 et
1081 2060 1185 2116 Dionis
1206 2059 1256 2116 lc-

145 2144 205 2216 cis,
238 2159 314 2224 quos
341 2143 407 2221 ipse
437 2144 555 2219 citavit,
589 2153 620 2202 et
642 2145 739 2202 scribe
762 2138 825 2205 αἰιῦ
846 2145 1018 2223 Δυρραχίου
1041 2143 1084 2216 εἰς
1105 2139 1138 2205 τῦ
1159 2147 1255 2224 Βρεν-

143 2226 251 2290 τέσιον.
293 2248 404 2308 nempe
428 2230 540 2290 Caesar
561 2249 602 2287 ex
624 2233 745 2303 castris,
777 2248 853 2309 qnae
875 2228 956 2308 apud
977 2226 1177 2307 Dyrrachium
1198 2249 1255 2308 po-

144 2324 262 2387 suerat,
292 2317 456 2374 conabatur
476 2315 617 2394 navigare
638 2314 850 2390 Brundisium,
875 2313 914 2372 ad
935 2312 1172 2374 transvehendos
1193 2317 1255 2372 mi·

143 2400 212 2458 lites
235 2419 310 2480 quos
331 2402 375 2458 ibi
396 2421 467 2460 cum
485 2403 618 2460 Antonio
639 2403 812 2480 reliquerat.
855 2402 952 2460 Lanu

225 2507 256 2564 Ρ.
278 2484 319 2551 55
340 2507 369 2548 v,
391 2488 431 2548 21
452 2506 498 2566 sq.
541 2481 679 2567 γαλήνην
699 2485 843 2567 γενέσθαι
864 2486 915 2548 καλ
938 2485 1150 2566 διασωθῆναι]
1179 2483 1255 2544 haec

141 2572 185 2630 ita
213 2582 315 2630 narrat
343 2571 478 2630 Codinus
507 2574 595 2650 quasi
624 2570 729 2630 sedata
756 2583 935 2649 tempestate
960 2573 1082 2630 Caesari
1102 2575 1254 2650 navigatio

141 2657 197 2713 iila
227 2655 368 2732 deinceps
395 2655 524 2714 feliciter
551 2657 742 2716 successerit:
775 2655 830 2714 sed
857 2677 956 2736 neque
983 2657 1042 2718 hoc
1068 2679 1172 2717 verum
1200 2669 1254 2716 est.

143 2759 217 2798 nam
237 2760 294 2798 nec
316 2741 439 2798 saevitia
458 2743 645 2819 tempestatis
667 2761 700 2799 se
720 2742 852 2816 remisit,
873 2763 930 2800 nec
950 2746 1035 2802 navis
1055 2763 1208 2801 remorum
1227 2744 1256 2800 vi

144 2825 270 2884 ulterius
297 2826 467 2904 promoveri
489 2827 604 2903 potuit3
638 2845 730 2908 quare
752 2824 874 2884 adversa
895 2831 991 2906 puppi
1011 2829 1122 2886 Caesar
1143 2827 1182 2885 ed
1204 2848 1255 2884 ca-

143 2920 207 2970 stra
228 2929 283 2969 sua
303 2921 424 2969 coactus
446 2911 505 2969 fuit
525 2913 641 2972 reverti.
683 2914 782 2970 Lim.

229 3017 260 3075 Ρ
282 2996 370 3059 567.
392 2993 422 3059 4.
467 3002 596 3076 στοιχεῖα
621 2995 672 3055 hic
692 2996 863 3075 significant
882 2995 1048 3054 simulacra
1070 3005 1100 3054 et
1121 3007 1249 3054 statuas.

144 3101 290 3160 suprap.
313 3080 355 3144 53
376 3102 404 3144 r.
428 3084 470 3145 10
492 3093 571 3162 etp.
593 3081 634 3145 54
655 3103 685 3144 v.
709 3086 749 3147 12
771 3103 807 3141 ea
827 3084 942 3142 vocavit
964 3079 1088 3162 στήλας,
1112 3076 1253 3163 θεάματα

145 3177 176 3226 et
197 3162 354 3249 οἷγολλματα
374 3171 430 3230 τοῦ
451 3168 590 3230 ἱππικοῦ.
631 3171 729 3227 Larm-

228 3248 658 3336 pertranseuntem]
690 3273 861 3332 anonymus
888 3255 921 3312 in
943 3253 1141 3314 Collectaneis
1163 3250 1254 3310 tradit

145 3336 223 3397 hanc
254 3339 349 3398 fuisse
381 3349 512 3398 statuam
543 3341 677 3414 virilem,
711 3343 807 3418 capite
838 3341 955 3416 galeato
981 3350 1013 3396 et
1038 3351 1101 3400 toto
1130 3357 1253 3418 corpore

143 3422 276 3503 ignud0‚
308 3429 442 3502 exceptis
472 3423 631 3503 pudendis.
674 3427 701 3484 si
732 3445 802 3504 ergo
832 3445 886 3504 pro
915 3420 1077 3504 περιχῦιης
1104 3425 1254 3502 legeretur

143 3513 317 3591 περίχντος,
339 3510 500 3570 verisimile
521 3521 599 3570 esset
620 3521 776 3590 propterea
797 3509 877 3570 hanc
899 3522 1029 3570 statuam
1049 3514 1093 3570 ita
1115 3510 1253 3570 denomi-

144 3609 249 3656 natam
269 3598 379 3672 suissa‚
408 3595 491 3677 quod
510 3595 612 3656 media
630 3598 800 3656 velamento
822 3607 901 3656 esset
921 3595 1105 3658 circumdata
1125 3597 1174 3657 vel
1194 3597 1253 3653 cir-

145 3685 323 3748 cumciucta
364 3686 463 3747 unm.

229 3791 260 3848 Ρ.
285 3770 374 3833 aar.
394 3768 505 3833 7—9.
545 3763 613 3831 'ivor
635 3760 920 3870 προτιμηθήσονκαι
939 3771 1000 3828 νῦν
1022 3759 1233 3845 ῦνθροῦπων’
1219 3786 1253 3826 εν

145 3848 404 3934 ταλαιπωρίαις’
388 3855 484 3918 οπλοω
512 3846 786 3932 ῦκολονθοῦννων]
814 3853 889 3932 quid
913 3851 1029 3914 Cranus
1051 3848 1252 3933 philosophus

145 3936 195 3994 bis
227 3941 321 4000 verbis
354 3943 521 4021 significare
553 3941 698 4016 voluerit,
732 3939 866 4018 explicat
893 3943 1020 4000 Ioannes
1049 3941 1175 4000 Tretzes
1205 3933 1252 3994 his

145 4022 296 4084 versibus:

312 4133 382 4183 ονος
403 4106 437 4171 δὲ
454 4114 582 4190 χαλκοῦς
601 4109 729 4172 ἱππικοῦ
746 4102 923 4173 πινῦσκειαι

313 4191 486 4299 ἕΡπροσθεν
507 4192 612 4272 teror,
634 4195 667 4260 ἐκ
687 4191 720 4258 δὲ
739 4199 801 4258 νῦν
821 4189 973 4258 ὀπισθίων

314 4274 479 4361 ἅνθρωπος
500 4275 632 4365 ολκτρός,
655 4277 874 4364 {cyceonis
842 4305 897 4345 νον
917 4284 976 4344 νῦν
998 4277 1078 4358 βίον»
