2802 4636
174 299 225 371 66
508 281 724 357 GEORGIUS
752 275 939 348 CODINUS

176 483 430 555 Οὐαλεντινιανσῦ
454 472 617 562 ἔτυπῶδη·
641 467 710 540 τάτε
726 470 786 558 γάρ
804 469 855 534 καλ
872 463 951 553 ἀρχή
967 459 1083 546 μοδλων
1102 459 1230 524 ἐπὶτῶν
1248 457 1281 521 ἓν

174 579 491 659 Κωνσταντινουπδλει
514 577 676 649 οἰκούντων
699 569 904 662 άνηρευνήθη.
954 571 1045 632 τοῦτο
1068 569 1123 628 τοῖν
1141 560 1281 650 ἀργυροῦ

173 689 378 768 τυπῶσαντος.
411 687 544 777 άργυρος
560 684 595 750 δὲ
611 681 668 748 ἀπ’
688 681 785 768 ἀρχῆς
801 671 944 755 δτυπῶθη
957 670 992 736 τὸ
1005 665 1152 752 νόμισμα.
1186 671 1281 730 τοῦτο

174 799 282 866 δὲκαὶ
308 791 507 881 Θεοδῶρητος
531 791 681 874 διασαφεῖ
698 779 879 872 τρανάτατα.
931 775 963 840 αἳ
987 773 1021 838 δὲ
1042 776 1162 856 χαλκαῖ
1179 775 1282 853 χεῖρες

173 901 273 968 ’ἔκτοτε
305 897 425 963 doato
454 888 729 980 προετυπῶθησαν.
778 891 834 951 τοῦ
858 879 1010 965 βασιλέως
1033 875 1068 940 τὸ
1095 869 1306 955 κουμοάλισνΞι

137 1003 285 1090 ῦμόδιον
306 995 588 1084 νομοθετήσαντος,
613 993 658 1078 μή
682 991 813 1078 ἀπερεῖν
836 988 870 1052 δὲ
893 993 956 1061 τοῖς
976 985 1121 1047 ναυτιῶσι
1142 971 1282 1062 προστά-

173 1116 296 1190 ξαντος,
322 1107 353 1170 ἓν
374 1109 419 1195 τῷ
438 1101 580 1188 κατωγέῳ
597 1096 695 1185 μσδίῳ
712 1095 768 1179 τήν
786 1089 887 1170 δεξιάν
900 1097 989 1174 χεῖρα
1007 1079 1176 1152 ducturae·
1204 1077 1280 1144 ὅθεν

174 1214 226 1278 καλ
257 1204 460 1292 ἐτυπώθησαν
487 1205 519 1270 αἲ
543 1213 643 1289 χεῖρες
664 1208 729 1276 τοῖς
752 1191 944 1280 λαμβάνουσι
968 1191 1019 1254 καὶ
1043 1195 1106 1263 τοῖς
1131 1185 1282 1262 διδοῦσιν,

175 1311 335 1403 ἀμφότερα
353 1313 386 1378 ἐκ
404 1316 464 1377 τῶν
480 1303 727 1396 προτεταγμένων
743 1301 788 1386 μή
805 1300 991 1385 ἀγανακτεῖν.
1042 1289 1120 1356 ἔνθα
1140 1285 1197 1354 Ιτοῦ
1223 1286 1281 1352 ατί-

173 1425 230 1485 τοιῖ
246 1419 479 1482 Βαλιντινιανοῦ
497 1409 592 1496 στήλη
607 1412 714 1476 λ’στατο
732 1409 774 1483 εἰς
789 1401 845 1486 τήν
862 1399 979 1484 ἁψῖδα,
999 1393 1112 1476 ἴξαμον
1125 1393 1280 1480 ἀργυροῦν
1289 1403 1320 1458 10

175 1527 214 1610 τῇ
238 1524 323 1611 δεξιᾷ
347 1519 534 1600 κατέχουσα,
561 1513 579 1579 δ
604 1515 656 1578 καὶ
677 1507 799 1598 ἡρπάγη
824 1510 866 1583 εἰς
886 1501 1002 1569 σάκταν
1018 1498 1105 1586 παρὰ
1123 1501 1179 1564 τοῦ
1195 1521 1282 1584 πρω-

174 1627 311 1712 τλκτορος
331 1621 521 1708 ὑποχωρίου,
545 1618 577 1682 ἰν
598 1623 638 1703 τῇ
661 1615 788 1705 δευτέρη
804 1607 1111 1699 άρχῇἸουστινιανοῦ
1125 1605 1182 1666 τοῦ
1199 1598 1282 1687 ῥινο·

175 1753 467 1910 τμητοτδδάενάνδρου
483 1820 621 1908 μάντεως
637 1815 732 1902 στήλη
752 1816 904 1899 ἓπηνίχθη
921 1815 953 1878 ἓν
969 1818 1008 1900 τῇ
1024 1807 1126 1887 πόλει,
1145 1810 1196 1873 καὶ
1209 1805 1279 1888 ἵστη

137 1943 161 2000 D
178 1936 226 2000 ἐπὶ
243 1933 295 2000 τδν
308 1926 554 2017 Ἀρτοτυριαυδν
571 1921 666 2002 οἶκον,
684 1920 705 2005 ή
724 1923 766 1998 εἷς
782 1921 817 1986 τδ
834 1919 1048 2006 ἀρτοπωλεῖον.
1086 1905 1124 1997 ήν
1138 1913 1171 1976 δὲ
1183 1911 1321 1997 cippo-15

177 2033 337 2127 ροὲλατος,
363 2031 478 2110 πλάτος
503 2029 615 2114 ἔχουσα
638 2031 743 2111 πηχῶν
767 2022 796 2108 η’
823 2025 874 2088 καλ
897 2029 995 2106 μῖκος
1017 2022 1123 2103 πηχῶν
1148 2013 1192 2082 ιε’.
1242 2013 1281 2097 ήν

247 2187 263 2238 1
296 2172 418 2246 άρχηγδν
447 2173 562 2225 Μοδίου
589 2171 645 2222 τῶν
672 2166 703 2222 ἐν
732 2168 770 2234 C,
802 2163 966 2239 άργιμόδιον
993 2157 1072 2228 παρά
1100 2163 1155 2216 τῶν
1183 2156 1216 2214 ἐν
1245 2159 1280 2211 F.

247 2254 265 2304 λ
282 2248 384 2312 τοῦτο]
401 2238 450 2296 διά
467 2242 551 2294 τοῦτο
569 2240 627 2292 CF.
703 2235 912 2298 δτυπῶσαυτεο
929 2238 962 2290 C.
1030 2235 1049 2287 4
1066 2229 1228 2300 διαφατεάει
1246 2233 1280 2284 F.

248 2321 265 2370 5
288 2311 447 2380 αοάμουλον
469 2312 503 2362 0.
606 2308 623 2362 6
648 2309 709 2366 τοῖς
726 2301 817 2360 adrat
833 2305 931 2374 νόμοις
946 2302 1167 2372 προστάξαντος,
1193 2297 1233 2361 εἷς
1249 2294 1281 2353 ἔτι

246 2379 355 2439 τούτων
378 2373 506 2445 παριδοδν
527 2369 579 2444 τήν
605 2371 757 2439 πρόσταξιν
780 2371 828 2428 καὶ
852 2371 946 2444 δίγλοα
968 2369 1096 2440 πωλήσας
1115 2365 1164 2432 τάς
1185 2374 1282 2438 χεῖρας

246 2450 387 2508 α’πῶλεσεν
411 2449 448 2514 0,
477 2449 537 2506 τοῖς
559 2443 701 2497 ναυτιοῦσι
722 2440 943 2508 προστάξαντος,
966 2441 1016 2496 ιιιιλ
1033 2437 1069 2496 τά
1086 2435 1224 2506 σιτηρέσια
1241 2436 1281 2498 εἷς

248 2518 278 2588 ἐξ
303 2513 468 2589 άμφοτέρων
490 2515 546 2568 τῶν
569 2512 679 2566 ναυτῶν
695 2513 736 2582 τῷ
754 2512 864 2582 βασιλεῖ
877 2517 955 2566 σῖτον
972 2509 1156 2577 οἷπεμπωλοῶν
1174 2505 1205 2562 ἐν
1222 2511 1282 2569 τοῖς

248 2587 335 2646 ἐκεῖσε
352 2588 435 2654 δίκην
451 2579 551 2638 ἄδικον
567 2580 810 2649 καταγγείλαντος,
830 2573 862 2636 ἕν
878 2583 920 2653 τῷ
936 2601 998 2636 τιατ.
1023 2584 1057 2635 F.
1091 2584 1150 2640 τοῖς
1167 2573 1283 2638 ναύταις

252 2653 474 2726 προστάξαντος,
499 2648 539 2714 εἷς
560 2649 616 2705 τῶν
638 2649 749 2733 ναυτῶν
772 2651 855 2704 τοῦτο
878 2649 998 2720 ποιήσας
1014 2645 1044 2704 ἒν
1061 2649 1102 2720 τῷ
1118 2667 1180 2702 τιατ.
1204 2648 1282 2700 Lam-

247 2728 340 2783 beciue
365 2723 497 2778 aspida.
634 2719 652 2774 9
675 2715 850 2788 αμφοτὲρους
871 2723 904 2776 F.
940 2715 1111 2789 ἀμφότεραι,
1135 2712 1204 2786 μετά
1227 2717 1282 2769 τῶν

248 2795 408 2866 σιτηρεσίων
437 2789 581 2861 αούμουλα
612 2788 748 2843 δίδοσθαι
770 2785 806 2843 τά
831 2789 928 2856 μόδια.
965 2786 1038 2843 ἔνθα
1065 2787 1113 2842 παλ
1135 2783 1154 2856 ή
1179 2783 1281 2840 τούτου

250 2865 335 2934 στήλη
353 2866 385 2918 0.
525 2858 599 2914 ἔνθα
622 2859 688 2928 τοῦ]
713 2851 743 2912 ἕν
768 2854 800 2911 δὲ
821 2860 857 2928 τή
879 2854 964 2927 α’ψῖδι
980 2859 1036 2912 τῶν
1052 2857 1151 2926 χειρῶν
1166 2853 1215 2909 παλ
1232 2854 1282 2908 τοῦ

249 2935 351 3005 μσδῖου
379 2930 463 3001 στήλη
489 2925 582 2998 ἔστησε
607 2929 658 2980 τοῖν
682 2923 750 2981 νέου
775 2920 1014 2994 οάολευτιυιανοῦ,
1038 2923 1087 2978 κοιλ
1104 2921 1134 2980 λυ
1150 2925 1186 2992 τή
1204 2924 1283 2989 δεξιᾶ

249 3009 376 3072 κατεῖχεν
395 2999 496 3068 ἔξαμον
513 2995 669 3066 ἀργυροῦν,
693 2990 710 3052 δ
726 2992 774 3050 αοιλ
791 2991 905 3064 ἡρπάγη
921 2991 977 3050 δπδ
995 2991 1081 3063 ιιάρου
1100 2996 1284 3062 πρστῖιιτορος

251 3069 282 3129 ἕν
300 3070 354 3126 ἔτει
371 3069 491 3135 δευτέρω
507 3069 560 3136 τῆς
576 3065 715 3136 βασιλείας
731 3063 920 3119 ἰουστινιανοῶ
936 3067 1003 3135 neg.
1108 3067 1141 3118 11
1159 3059 1237 3125 παρὰ
1250 3091 1283 3101 -

251 3137 420 3212 ρἰυστμήτου
440 3157 478 3192 orn
497 3139 530 3190 C.
566 3130 736 3202 κατέχουσα,
762 3131 924 3202 άρπαγήναι
940 3131 982 3196 εἰς
996 3130 1105 3187 πάππου
1120 3127 1169 3187 διά
1185 3127 1218 3186 τδ
1236 3128 1284 3185 καὶ

251 3205 340 3278 αὐτήν
365 3203 439 3260 εἶναι
463 3201 590 3274 άργυροῖν
614 3197 716 3270 μικράν
742 3198 800 3256 άπὸ
820 3205 873 3256 τοῦ
891 3203 1007 3269 ιιουρίου
1029 3204 1215 3270 προτίατορος
1237 3193 1284 3252 ἐπὶ

250 3273 447 3332 Ἰουστινιαυοῦ
462 3271 494 3328 τὸ
513 3270 652 3340 δεύτερον.
670 3275 704 3326 F.
809 3271 843 3325 14
860 3293 887 3344 p.
902 3273 936 3327 85
952 3273 1037 3326 Band.
1141 3267 1282 3339 μάντεως]

249 3346 372 3418 μάντεως
386 3345 505 3414 Κρητῶν
520 3345 554 3398 F.
630 3342 664 3398 16
680 3336 733 3411 ήν]
751 3335 851 3410 ήντινα
868 3338 1006 3412 γυμευτήν
1021 3337 1204 3410 ὑπάρχουσαν
1221 3339 1283 3392 Vat.

181 3466 399 3540 praetereundum
422 3469 476 3532 eat,
502 3462 613 3517 modium
629 3463 678 3514 aab
695 3461 880 3514 Valentiniano
897 3462 936 3515 ibi
953 3465 1080 3514 statutum
1097 3460 1194 3522 fuisse3
1220 3463 1285 3512 tunc

181 3539 251 3592 enim
274 3537 415 3589 modiorum
440 3549 503 3587 usus
528 3531 604 3602 Cpoli
627 3531 723 3600 coepit.
757 3531 889 3600 principio
905 3535 993 3584 autem
1010 3530 1112 3584 modius
1129 3529 1174 3582 illo
1192 3545 1226 3582 ax
1243 3545 1286 3580 ar·

182 3614 263 3678 ganto
280 3608 367 3660 factua
385 3611 455 3672 arat,
476 3609 506 3656 ut
522 3601 663 3673 perspicue
681 3601 798 3653 declarat
814 3601 1008 3653 Theodoretua.
1043 3607 1176 3652 caeterum
1193 3615 1285 3652 manua

183 3693 278 3731 aereae
300 3681 442 3745 propterca
462 3689 542 3742 supra
564 3671 675 3724 modium
690 3671 793 3740 positae
810 3677 880 3723 sunt.
917 3687 974 3724 curn
992 3671 1137 3740 imperator
1152 3668 1286 3720 sanxisset

181 3752 214 3800 ut
233 3746 335 3800 modius
351 3743 477 3797 frumenti
493 3742 622 3795 cumulate
638 3743 800 3793 venderetur
817 3747 845 3792 et
861 3739 1035 3792 navicularios
1052 3738 1181 3791 vetuisset
1197 3737 1285 3790 edicto

183 3816 331 3885 obsistere,
357 3815 400 3866 nni
423 3829 513 3865 corum
534 3819 629 3864 contra
645 3811 753 3862 facienti
769 3811 863 3862 dextra
878 3826 968 3862 munus
986 3813 1120 3878 amputata
1137 3813 1189 3859 ost.
1225 3805 1286 3858 hinc

182 3887 267 3956 igitur
291 3899 382 3938 manua
403 3882 465 3934 illae
489 3883 615 3936 formatae
639 3885 714 3946 sunt,
740 3885 770 3932 at
794 3896 879 3947 neque
901 3879 993 3932 dantes
1016 3895 1102 3948 neque
1127 3876 1285 3945 recipientes

183 3955 291 4010 statutis
309 3953 531 4009 contradicerent.
565 3950 664 4004 ibidem
680 3965 760 4018 supra
777 3965 863 4001 arcum
880 3948 995 4002 eiusdem
1009 3945 1185 4000 Valentiniani
1195 3949 1286 3998 statua
1390 3989 1391 4000 ,

183 4027 312 4079 collocata
335 4028 394 4076 erat
418 4022 511 4074 dextra
533 4037 628 4088 garona
649 4035 757 4071 examen
774 4025 941 4085 argenteum,
965 4019 1034 4087 quod
1050 4017 1083 4069 ad
1100 4021 1204 4085 pactam
1220 4014 1286 4065 bar·
1390 4001 1391 4090 {

183 4095 256 4148 baris
272 4093 409 4166 pecuniam
425 4090 577 4144 solvendam
594 4106 611 4141 a
627 4088 702 4157 Cyro
717 4093 867 4156 protectore
885 4087 999 4139 ablatum
1016 4093 1073 4151 eat,
1094 4102 1146 4154 qno
1164 4090 1287 4155 tempora
1390 4101 1391 4104 ¹

184 4172 340 4236 recuperato
356 4161 466 4231 imperio
483 4159 642 4212 lastinianus
658 4157 843 4210 Rhinotrnatus
861 4157 1000 4208 secundnm
1015 4156 1168 4224 imperabat.

287 4231 426 4287 Menandri
448 4229 519 4284 vatia
543 4233 631 4281 statua
648 4227 749 4296 Cpolirn
766 4225 877 4278 deducta
894 4226 946 4278 fuit
962 4233 990 4277 et
1006 4225 1135 4277 collocata
1152 4223 1185 4276 ad
1204 4221 1286 4276 aedes
1390 4235 1391 4260 ι

184 4299 244 4353 aiva
266 4301 294 4356 in
315 4300 463 4375 Artopolio.
497 4304 554 4353 erat
571 4305 657 4353 antam
674 4303 733 4350 tota
749 4300 907 4364 exurgente
922 4293 1016 4348 ductili
1032 4295 1165 4361 confecta,
1191 4291 1286 4346 latitu-
1390 4275 1391 4316 ³
