2802 4636
517 259 576 326 DE
602 259 741 328 SIGNIS
769 261 830 328 ΟΡ.
1176 263 1227 336 45

220 443 289 514 ’Ότι
311 443 346 512 sd
369 441 529 532 λεγόμενον
551 444 677 514 Μόδιον
697 445 862 534 ὡρολόγιον
884 440 923 534 ἦν
944 447 1038 535 ἤγουν
1060 451 1096 518 sd
1115 449 1229 537 λ’ξαμον

118 559 183 618 roo*
210 553 331 635 μοδιόν.
379 552 486 616 ἵστατο
518 551 552 616 δέ
582 549 684 618 ἔπάνω
708 561 763 636 τῆς
786 550 902 638 ἁψῖδος
922 561 979 620 τοῦ
996 554 1232 644 Ἅμαοτριανοῦ,

120 657 219 740 μίσον
241 661 302 722 τῶν
324 651 380 719 dolo
396 660 524 742 χειρῶν,
550 657 800 724 κατασκευασθέν
815 654 875 723 άπὸ
892 664 948 724 turi
967 658 1231 740 Οὗαλεντινιανοῦ,

121 761 179 825 διὰ
203 759 237 824 τό
262 759 313 824 καλ
335 757 391 844 τὴν
411 759 544 842 Λαμίαν
568 757 643 826 εἶναι
662 761 749 845 ἔγγὺς
765 760 876 828 αὐτῶν.
926 758 1070 828 ὑποκάτω
1087 765 1121 829 δὲ
1138 765 1170 829 ἓν
1186 773 1271 854 spic

93 861 265 949 beiln'pou
290 869 352 929 τῶν
375 869 489 950 χειρῶν
514 863 644 952 ἱστορίαι
670 865 761 930 alcis·
793 864 823 930 oi
848 866 881 930 δὲ
904 867 1115 954 πεπειραμένοι
1138 865 1230 953 εὑρή-

119 997 231 1038 σουσιν
254 965 359 1047 αὐτάς.
410 965 531 1054 ῶριόθη
555 967 645 1034 δὲτὸ
667 965 776 1051 μόδιον
792 967 975 1054 κονμοάλιον
990 967 1230 1056 πιπράσκεσθαι.

118 1069 166 1152 εἷς
198 1075 232 1138 δι’
261 1081 323 1140 τῶν
352 1069 493 1160 ἐμπόρων
518 1071 672 1159 πίπρασκί
692 1098 750 1139 τινι
774 1082 875 1154 σῖτον,
900 1072 1013 1162 ῥίγλιον
1036 1075 1089 1140 τὸν
1109 1073 1230 1158 μόδιον.

116 1177 214 1264 γνοδς
237 1179 271 1243 δὲ
294 1174 310 1242 ὃ
333 1176 478 1258 βασιλεὺς
500 1175 594 1260 ἴκοψε
616 1175 672 1254 τὰς
696 1174 751 1242 odo
776 1176 871 1244 αι’·τοῶ
883 1187 1008 1264 χεῖρας,
1034 1181 1084 1244 καὶ
1102 1177 1230 1264 ἀνεστή-

117 1288 221 1349 λιοοεν
245 1279 398 1370 ὁρᾶσθαι,
431 1277 544 1364 ὁμοίως
565 1282 616 1346 καὶ
640 1280 693 1347 τὸν
715 1278 838 1364 μόδιον,
872 1281 907 1359 ὃς
929 1280 1126 1371 ἐχρημάτιζεν
1149 1281 1230 1371 ῶρο-

71 1384 236 1472 λολόγιον.

220 1485 288 1554 ’Ὁτι
311 1489 342 1554 ἓν
365 1493 408 1575 τῷ
430 1482 515 1574 τόπῳ
539 1491 594 1552 τοῦ
614 1484 839 1573 Ἀμαστριανῶν
861 1485 947 1570 ἥλιος
960 1490 1068 1555 ἵστατο
1086 1491 1118 1554 ἓν
1135 1490 1230 1578 αὐτῷ,

116 1594 156 1657 ἐν
189 1589 303 1680 ἅρματι
334 1594 519 1678 μαρμαρίνῳ
551 1591 737 1672 malarteis,
770 1593 821 1654 καὶ
843 1587 1003 1678 Ἡρακλῆς
1028 1593 1230 1674 ἀνακείμενος.

115 1694 201 1760 ἔνθα
223 1699 273 1760 καὶ
296 1693 450 1778 ποταμός,
475 1697 525 1760 καὶ
544 1694 605 1760 ἀπὸ
621 1690 735 1758 Λάκου
752 1692 981 1781 λατρευόμενος.
1033 1700 1083 1761 καλ
1096 1703 1230 1780 χελῶναι

115 1802 215 1866 ἶκεῖσε
232 1799 309 1883 μετὰ
327 1799 461 1886 ὀρνίθων
466 1845 477 1878 ,
503 1801 554 1862 καὶ
573 1795 734 1886 δράκοιναι
752 1796 917 1864 δεκαοκτῶ.
968 1801 1018 1864 καὶ
1035 1799 1229 1886 μαρμάρινος

72 1917 108 1971 15
117 1901 218 1988 στήλη
249 1903 393 1985 ἱσταμένη
424 1904 457 1966 ἔκ
481 1899 590 1988 χώρας
619 1904 845 1988 Παφλαγονίας
870 1899 1036 1981 δεσπότου,
1067 1905 1116 1967 καί
1140 1901 1268 1987 {ripun

115 2007 294 2090 κεχωσμίνη
319 2007 349 2070 ἓν
372 2011 411 2090 τῇ
435 2001 539 2091 κόπρῳ
564 2006 701 2080 καὶτοῖς
725 2003 846 2088 αι’ίροις,
873 2009 984 2082 δοῦλος
1006 2011 1061 2070 τοῦ
1078 2007 1111 2070 ia
1124 2006 1231 2094 χώρας

111 2108 299 2194 Ἀμάστρων
325 2103 544 2194 Παφλαγόνος.
594 2108 688 2172 ἐκεῖσε
713 2108 747 2171 δὲ
767 2108 797 2171 ἓν
815 2107 899 2198 αὐτῷ
915 2115 959 2196 τῷ
974 2106 1058 2198 τόπῳ
1076 2107 1231 2194 ἓτόθηοαν

115 2221 185 2289 τοῖς
202 2213 344 2295 δαίμοσιν
359 2208 528 2297 ἀμφότεροι
546 2213 596 2274 καὶ
613 2207 880 2295 άνεστηλῶθησαν.
932 2213 1025 2278 ἕκεῖσε
1041 2215 1092 2276 καὶ
1109 2220 1230 2278 καλλω-

113 2314 234 2398 πισμὸς
256 2309 365 2380 κιόνων
388 2319 502 2379 λευκῶν
524 2316 743 2398 σιγματοειδῶς
758 2313 992 2403 άνεγερθίντων.
1042 2316 1176 2402 ἐγίνοντο
1195 2319 1230 2384 δὲ

71 2421 214 2492 hillarius
230 2414 384 2501 δαιμόνων
399 2417 572 2484 ἓπιστασίαι
587 2417 709 2482 πολλοί.

187 2567 251 2634 lp·
269 2563 304 2619 19
319 2561 407 2616 Βοιαὶ.
517 2557 664 2616 historeo
681 2560 714 2614 G.
823 2555 933 2629 δαΐδας
948 2559 1002 2614 τοῦ
1015 2556 1227 2633 Ἅμαατριανοῶ]

187 2631 317 2702 καμάρας
333 2633 383 2700 τῆς
398 2631 455 2685 τῶν
469 2625 673 2700 Ἀμαστριανῶν
690 2632 724 2684 C.
837 2625 963 2687 tatami
980 2633 1014 2688 C.
1124 2631 1225 2687 6κού-

188 2706 294 2772 μουλον
313 2703 336 2756 0
355 2710 383 2756 at
397 2703 466 2756 Bau.
571 2695 732 2768 λπέπραιιό
747 2700 816 2756 Bav.
909 2701 987 2753 σίτου
1006 2703 1039 2758 G.
1131 2697 1227 2772 δίγλον

190 2773 260 2825 Cet
276 2773 345 2826 Bau.
449 2771 482 2826 11
501 2789 529 2842 p.
546 2772 582 2824 20
597 2771 683 2824 Band.
785 2770 895 2824 iuraras
911 2769 944 2823 C.
1049 2769 1083 2824 13
1100 2766 1174 2824 toea
1191 2800 1227 2814 -

189 2839 389 2909 λατρευόμενος
405 2858 446 2894 om
463 2841 496 2894 0.
614 2838 715 2893 λευκοῦ
731 2839 797 2893 Bar.
910 2841 944 2893 14
962 2835 1122 2907 descensui]
1140 2839 1172 2892 ιε’
1191 2843 1225 2897 C.

189 2903 520 2978 15ίσταμένη]ῶχθεῖοα
531 2903 634 2963 οἷπόΟ.
689 2901 1019 2970 δεσπότουτινδςκοιὶῦ.
1075 2905 1226 2963 16δοῶλου

187 2981 241 3032 τοῦ
251 2977 281 3033 ἐκ
286 2976 382 3103 γάρος
394 2974 575 3045 Ἀμάοτριδος.
593 2975 678 3032 ἐκεῖσε
691 2979 725 3031 G.
804 2977 838 3033 18
848 2973 995 3046 ἀμφότερα
1007 2977 1041 3031 C.
1111 2972 1227 3046 α’νεστη-

188 3046 268 3120 λῶθη
300 3050 397 3102 κεῖθεν
414 3048 447 3101 C.
552 3050 585 3105 19
602 3048 716 3101 κιονίων
734 3047 768 3102 (l.

223 3169 340 3222 Modiam
358 3167 429 3237 quod
444 3177 558 3232 vocant,
575 3167 740 3237 horologium
757 3171 816 3220 erat
832 3171 860 3220 et
875 3182 982 3220 examen
1000 3165 1095 3235 modii,
1114 3167 1224 3236 positum

116 3256 201 3309 supra
217 3255 305 3292 arcum
322 3239 500 3305 Amastriani‚
517 3238 589 3290 inter
606 3238 672 3290 duaa
689 3255 791 3303 manus,
809 3237 1021 3290 aValentiniano
1034 3246 1226 3303 constructum

115 3325 199 3379 quare
224 3309 303 3362 etiam
326 3308 360 3360 iis
385 3307 498 3360 vicinum
522 3314 563 3360 est
584 3305 683 3375 signum
701 3307 820 3360 Lamiae.
854 3307 924 3359 infra
943 3315 1029 3360 autern
1048 3307 1074 3358 in
1093 3309 1225 3361 volumine

115 3395 237 3432 manuum
255 3378 380 3432 historiae
397 3377 536 3446 inscriptae
554 3389 629 3442 sant,
653 3393 717 3446 quas
734 3377 816 3446 periti
833 3393 922 3429 earum
940 3393 1026 3429 rerum
1044 3377 1123 3430 facile
1140 3378 1225 3430 inter-

134 3454 268 3500 retautur.
303 3454 435 3500 caeterum
450 3464 506 3500 cum
520 3447 580 3514 lege
597 3447 724 3499 sancitum
742 3453 814 3498 esset
831 3453 863 3498 ut
879 3447 979 3499 modius
996 3449 1119 3499 frumenti
1136 3465 1226 3500 cumu-

115 3466 174 3570 late
188 3518 362 3584 venderetur,
380 3525 509 3570 mercator
526 3516 632 3586 quidam
648 3525 739 3568 contra
757 3515 870 3568 edictum
887 3517 920 3568 ad
937 3516 1053 3584 regulam
1067 3517 1144 3569 alicui
1158 3535 1226 3570 uen-

116 3587 197 3652 didit3
226 3604 279 3658 qua
302 3587 335 3639 de
360 3604 390 3639 re
412 3587 512 3639 certior
534 3589 621 3639 factus
645 3585 790 3655 imperator
811 3601 902 3637 manus
925 3585 963 3637 illi
987 3587 1119 3656 amputari
1136 3587 1225 3652 iussit,

116 3673 215 3726 easque
239 3673 290 3708 una
307 3673 364 3708 cum
381 3656 466 3708 modio
483 3657 510 3708 in
528 3655 672 3725 exemplum
688 3655 794 3725 publice
810 3655 876 3724 erigi
894 3654 1007 3708 curavit.
1041 3655 1138 3712 ibidem
1158 3674 1225 3726 qno-

117 3743 171 3796 que
188 3725 337 3779 collocatum
357 3731 416 3777 arat
431 3726 602 3796 horologium.

220 3795 252 3848 ln
276 3795 335 3848 loco
359 3802 509 3866 nuncupato
524 3793 691 3848 Amastriano
709 3793 814 3863 positae
832 3797 909 3845 erant
926 3793 996 3846 Solis
1013 3794 1040 3846 in
1059 3811 1139 3847 curru
1155 3809 1226 3845 mar·

115 3882 206 3918 moreo
223 3873 252 3917 et
267 3866 391 3918 Herculis
406 3865 556 3917 recubantis
574 3872 689 3917 statuae.
723 3861 820 3914 ibidem
837 3862 927 3930 Lycus
944 3863 1042 3916 fluvius
1058 3873 1112 3930 est,
1139 3861 1185 3932 qui
1208 3878 1225 3912 a

115 3937 180 4004 lupo
198 3953 291 3988 nomen
309 3935 400 3988 habet.
434 3936 497 3988 item
513 3935 635 3987 visuntur
651 3934 691 3986 ibi
707 3931 855 3985 testudines
871 3932 964 4000 plenae
980 3934 1090 3998 avibus,
1116 3941 1144 3983 et
1163 3931 1225 3982 dra-

115 4021 195 4056 cones
219 4004 378 4073 octodecim,
404 4010 432 4056 et
449 4011 537 4056 statua
555 4021 698 4056 marmorea
715 4001 812 4054 domini
830 4002 963 4054 cuiusdam
979 4001 1172 4070 Paphlagonis,
1200 4008 1228 4052 et

117 4074 168 4126 alia
187 4079 278 4127 statua
295 4075 368 4127 servi
385 4091 418 4128 ex
435 4073 601 4127 Amastriana
616 4073 724 4142 regione
740 4071 936 4142 Paphlagoniae
952 4071 1072 4135 oriundi,
1099 4069 1172 4121 urina
1199 4078 1228 4120 et

117 4147 236 4196 stercore
261 4144 367 4197 obruta.
401 4150 513 4212 uterque
537 4150 623 4196 autem
641 4143 669 4194 in
687 4159 718 4194 eo
736 4141 793 4193 loco
811 4141 980 4194 daemonibus
997 4138 1144 4192 immolatus
1161 4138 1227 4191 fuit.

115 4211 214 4264 ibidem
238 4214 362 4266 visuntur
385 4213 519 4266 columnae
542 4211 669 4266 candidae
691 4211 720 4264 in
745 4211 856 4280 figuram
880 4207 1081 4264 semirotaudam
1107 4214 1226 4262 erectae.

116 4281 216 4335 multae
232 4281 312 4336 etiam
328 4284 481 4336 daemonum
498 4283 686 4336 suscitationes
703 4281 868 4353 ibi-fiebant.
