2814 4608
446 214 503 282 ro
530 209 729 280 coouruu
744 212 908 313 norm
1153 217 1228 290 239

207 419 239 480 p·
257 395 301 464 89
321 417 352 458 v·
371 394 404 460 6.
444 393 480 460 ίν
499 387 584 478 otiari
600 394 641 477 τῇ
660 393 803 476 βασιλικῇΙ
821 385 1016 476 χρυσοράφου
1035 387 1149 478 άπίσω]
1179 399 1231 464 hie

120 487 208 546 loeua
237 501 278 542 ex
305 479 373 542 eod.
396 481 465 542 vat.
494 490 525 538 et
554 480 699 560 anonymi
722 478 885 540 eolleotan.
912 477 982 562 περί
1002 478 1167 563 θεαμάτων
1187 489 1230 550 ita

121 565 325 630 restituendus
343 573 406 626 eat:
426 561 460 628 τά
480 561 513 628 δὲ
534 563 569 628 ἓν
590 557 671 649 ου’τῇ
689 567 729 649 τῇ
749 565 893 648 βασιλικῇ
911 562 1107 650 χρυσοφάρμ,
1129 565 1229 638 ὀπίσω

120 659 177 718 τοῦ
208 643 326 734 μιλίον,
362 643 575 734 άνδροοίκελον
602 646 721 731 άγαλμα
747 648 964 731 χρνσὲμβαφον
998 651 1098 731 (ἔνθα
1124 647 1166 736 ἦν
1193 655 1229 723 τά

121 741 255 822 ἔξαμμον
272 737 448 842 Ἡρακλείου
466 739 524 799 τοτῖ
543 733 710 817 βασιλέως)
731 733 784 796 καί
803 733 994 816 μονυαλινίς,
1014 731 1232 806 Ἰουστενιανοτῖ

121 825 183 890 ἔστι
203 827 260 888 rori
277 845 449 906 τυραννον,
469 821 503 880 id
521 832 582 896 eat,
602 831 706 880 atotuu
725 821 869 880 inaurato
888 821 987 882 virilia
1006 833 1036 882 at
1050 827 1229 904 genuflexo,

120 929 199 992 qma
225 911 260 968 ira
284 911 354 988 ipra
380 907 523 966 Basilica
549 925 641 966 aureo
668 905 808 986 laqueari
832 919 934 986 operta
948 929 1030 988 pone
1048 909 1168 971 milium
1189 927 1232 972 eat

120 995 283 1067 collocato,
313 992 484 1063 ίαοίῖπῖοπῖ
505 994 630 1072 tyranni
656 1003 708 1052 eat.
747 993 840 1053 verba
867 992 946 1056 ἔνθα
970 985 1011 1077 ἦν
1037 991 1073 1061 τά
1099 995 1231 1080 ἔξαμμον

118 1081 293 1164 Ἡρακλείου
313 1083 370 1144 τοῦ
391 1076 536 1160 βασιλέως
557 1076 731 1158 parenthesi
752 1076 953 1140 includenda:
985 1082 1060 1162 quid
1079 1101 1150 1143 vero
1172 1087 1232 1146 aibi

119 1169 232 1246 velint,
262 1164 403 1226 noudum
422 1167 495 1224 satie
514 1163 592 1223 mihi
611 1173 738 1227 constat.
780 1166 814 1224 in
838 1167 984 1247 anonymi
1005 1164 1129 1234 colleot.
1150 1170 1231 1251 legi-

119 1264 185 1330 tur,
219 1251 298 1316 ἔνθα
327 1247 362 1314 τά
392 1249 503 1332 ίξαμον
532 1247 707 1331 Ἡρακλείου
734 1253 790 1312 rori
819 1251 964 1332 βασιλέως
991 1249 1231 1339 κατεσκευάσθη.

120 1338 203 1420 apud
230 1335 375 1411 suidam,
408 1355 439 1396 v.
466 1331 625 1418 βασιλική,
664 1337 846 1417 praepositio
874 1337 930 1412 ἕως
956 1347 1026 1398 anta
1052 1337 1231 1420 Ἡρακλείου

119 1428 235 1484 inserta
263 1433 319 1482 eat.
360 1419 475 1481 ibidem
502 1441 557 1502 pro
583 1415 748 1486 Ἰουστίνου
776 1427 833 1485 τοῦ
860 1418 1014 1504 τυράννου
1040 1425 1231 1487 scribendum

120 1521 168 1569 eat
194 1504 410 1572 'Ioooewrurori
438 1511 495 1571 rori
522 1501 690 1590 τυράννου,
719 1505 819 1568 idest
845 1507 1012 1567 Iustiniani
1030 1509 1232 1586 Rhinotmeti,

119 1605 155 1655 ut
181 1603 265 1676 patet
295 1612 337 1652 ax
365 1593 510 1674 anonymi
538 1593 663 1659 collect.
691 1592 761 1672 περί
788 1590 967 1674 θεαμάτων,
999 1595 1053 1654 ubi
1079 1597 1231 1677 prolixius

120 1679 221 1762 agitur
241 1678 279 1739 de
300 1677 359 1738 hoo
379 1680 539 1741 Iustiniani
558 1675 747 1739 Rhinotmati
767 1689 866 1740 statue
886 1680 1056 1760 genuflexa.
1097 1684 1206 1745 Ltun.

203 1806 235 1868 p.
256 1787 299 1850 39
320 1807 352 1848 v·
373 1787 405 1850 8.
447 1785 586 1846 Terbelia
607 1787 810 1866 Bulgarorum
829 1787 986 1868 princeps,
1007 1789 1094 1850 ouius
1115 1793 1230 1854 auxilio
1257 1861 1259 1863 ,

119 1873 304 1932 lastinianus
324 1869 538 1933 Rhinotmatus
557 1873 720 1953 imparium
740 1874 936 1952 recuperarit.
977 1875 1083 1938 uren.

171 1964 172 1972 λ
203 2000 237 2062 p·
257 1979 300 2043 39
321 1995 352 2039 υ.
374 1979 427 2042 11.
470 1975 618 2052 ἐναντίοις
646 1979 761 2064 ζυγοῖς]
793 1977 905 2040 Suidae
932 1981 1097 2042 lectionem
1123 1983 1233 2044 confir-

119 2072 200 2138 mat,
232 2061 315 2146 quod
340 2063 433 2143 paulo
458 2072 527 2142 post
554 2061 688 2124 eundem
708 2060 914 2150 ζννοπλάστην
933 2077 1035 2126 vocat:
1065 2069 1109 2128 ita
1129 2081 1232 2130 autem

120 2147 231 2208 dieitur
255 2147 366 2228 soleae
398 2146 555 2226 libripens,
591 2169 647 2210 eeu
681 2153 735 2232 qui
767 2155 910 2226 πλαστοῖς
941 2153 1058 2235 ζυγοῖς,
1094 2152 1154 2214 hoe
1186 2167 1232 2218 est

120 2233 260 2293 lancibus
294 2233 486 2306 adulterinis,
519 2235 553 2292 in
586 2235 725 2296 librando
761 2237 865 2296 utitur.
909 2255 984 2318 quoa
1016 2257 1087 2317 ergo
1119 2239 1230 2302 Studes

119 2315 272 2396 πλαστοῖς
293 2313 401 2402 ζυγοάς
421 2329 524 2395 vocat,
547 2340 598 2380 eos
620 2322 754 2402 appellat
775 2319 910 2381 eodinus
931 2321 1090 2400 ἐναντίους
1108 2323 1229 2410 ζυγοάς,

117 2403 152 2462 id
172 2415 217 2464 est
237 2403 339 2464 lancee
355 2407 478 2484 iniquae
495 2425 549 2464 seu
563 2407 712 2487 impares,
734 2407 844 2487 quibua
860 2417 1054 2488 opponuntur
1069 2408 1132 2474 ῖοοι
1146 2415 1233 2496 ζυγοί

118 2489 182 2550 siva
211 2489 312 2548 lances
339 2510 456 2570 aequae
484 2501 514 2550 et
541 2511 639 2570 pares.
682 2489 754 2550 hino
783 2492 960 2572 corrigenda
982 2491 1096 2553 Suidae
1119 2499 1229 2576 versio,

117 2596 148 2638 v.
176 2569 334 2655 βασιλική,
364 2577 417 2634 ubi
443 2597 602 2656 perperam
625 2571 830 2658 ζυγοπλάστνρν
849 2580 1085 2658 interpretantur
1096 2581 1231 2659 fabrum

118 2657 281 2731 librarum,
311 2667 342 2716 et
371 2659 404 2722 ἐν
429 2663 572 2734 πλαστοῖς
596 2661 694 2741 ζυγοῖς
713 2659 770 2741 τήν
790 2665 903 2744 τοροῖσιν
922 2671 1022 2728 ποιεῖν
1043 2665 1139 2726 librae
1158 2691 1180 2728 a
1199 2691 1231 2728 ee

111 2745 221 2826 saetae
248 2742 389 2816 rendere,
418 2743 470 2804 val
496 2743 530 2802 in
556 2743 642 2802 libna
664 2764 686 2804 a
706 2765 738 2806 οε
748 2745 849 2826 sactu
868 2768 942 2808 euaa
961 2769 1072 2810 marceo
1090 2753 1227 2814 vendere.

116 2832 223 2895 [arun.

204 2957 237 3016 p.
257 2930 301 2998 40
321 2952 352 2995 v.
374 2934 404 2997 1.
445 2929 480 2996 ίυ
499 2935 544 3019 τῷ
564 2933 669 3021 μιλίῳ]
691 2935 802 2996 Suidaa
821 2937 854 2995 in
874 2936 984 3018 μίλιον.
1026 2941 1152 3006 rums.

205 3063 238 3124 p.
259 3039 302 3104 40
321 3059 351 3106 v.
373 3043 405 3104 3.
445 3037 524 3105 ἔνθα
554 3033 755 3123 εάφημίσθη]
794 3042 829 3102 in
858 3046 1002 3124 anonymi
1031 3047 1229 3114 collectaneis

117 3126 190 3211 περί
213 3120 379 3208 θεαμάτων
405 3125 449 3184 ita
469 3127 596 3206 legitur:
627 3125 706 3190 irio
726 3132 958 3205 Κωνσταντῖυος
978 3128 997 3195 ά
1018 3130 1110 3216 μάγος
1130 3130 1229 3218 eripe]-

118 3215 219 3298 μίσθη
239 3209 312 3292 μετά
332 3205 367 3275 τί
386 3215 511 3292 νικῆσαι
528 3205 670 3288 Ἀζαῖττον
688 3211 742 3276 καί
761 3207 865 3294 Βάζαν
884 3214 938 3278 καί
958 3210 1071 3298 αάτήν,
1096 3217 1230 3302 κράζον-

117 3321 171 3373 τας
189 3301 247 3362 ποεῖ
267 3295 396 3360 Βευίτον
416 3295 541 3382 μίρους·
572 3296 636 3373 iias
656 3299 842 3381 παλίνορσον
863 3297 1035 3383 ίμάσθλην·
1063 3301 1106 3379 τίς
1125 3303 1159 3370 ii
1179 3307 1229 3386 δίς

116 3380 238 3468 ἡβήσας
267 3383 390 3465 μαίνεαι
419 3383 453 3447 ἐν
481 3383 602 3469 σταδίῳ.
642 3381 715 3444 hine
739 3396 824 3466 patet
849 3383 965 3468 duplex
994 3387 1102 3449 Uodini
1129 3413 1228 3457 error:

117 3472 217 3551 primo
238 3469 321 3528 enim
341 3467 499 3532 confundit
516 3470 748 3532 Constantinum
764 3491 913 3552 magnum
927 3473 1142 3555 imperatorem
1157 3499 1229 3538 oum

119 3555 316 3618 constantino
343 3554 478 3637 quodam
503 3556 607 3636 auriga
628 3557 769 3634 oireenai,
796 3559 830 3616 in
859 3579 951 3642 quem
972 3562 1088 3643 aliquot
1108 3575 1229 3626 exstant

118 3644 338 3722 epigrammata
371 3639 572 3721 Anthologiae
603 3643 627 3702 ί.
656 3643 687 3708 5.
739 3639 849 3703 deinde
883 3641 967 3705 huno
996 3649 1228 3710 Constantinum

119 3725 277 3786 oonfuudit
305 3747 376 3787 oum
403 3730 466 3788 alio
491 3729 596 3806 auriga
616 3725 799 3812 PorphyrIo,
830 3731 865 3788 in
885 3749 979 3812 quam
997 3735 1136 3795 aimiiiier
1154 3737 1228 3816 plu-

119 3813 197 3873 rima
230 3823 351 3873 exstant
384 3815 611 3894 epigrammata.
668 3817 759 3876 unius
792 3825 926 3896 partem,
964 3836 1025 3899 qua
1058 3823 1228 3882 continetur

120 3890 309 3980 είφρμισμάς
335 3919 391 3960 eeu
415 3901 517 3960 fouaio
545 3900 721 3962 neelamaiio
750 3903 882 3963 Venetae
908 3903 1063 3984 factionis,
1096 3908 1168 3966 citat
1192 3908 1226 3966 in

120 3999 213 4128 pupra
247 3986 344 4048 uitatis
378 3987 478 4048 verbio
507 4005 677 4069 anonymua
705 3984 776 4069 περί
802 3985 978 4071 θεαμάτων.
1038 3992 1224 4073 epigramma

145 4087 182 4130 οο
201 4078 261 4131 eat:

287 4153 471 4242 Πορωάριον
490 4151 624 4264 λήξαντα
644 4149 751 4222 πάνωυ
769 4153 902 4222 λάσαντά
920 4181 952 4222 τε
965 4157 1080 4260 μίτρην

326 4241 381 4312 καί
399 4241 499 4328 πάρος
518 4238 591 4310 ποτ’
610 4235 720 4329 άρετῆς
739 4238 865 4327 χάλκεον
886 4243 1012 4312 ἕστασαν
