<?xml version="1.0" encoding="UTF-8"?>
<!DOCTYPE html PUBLIC "-//W3C//DTD XHTML 1.0 Transitional//EN"
    "http://www.w3.org/TR/xhtml1/DTD/xhtml1-transitional.dtd">
<html xmlns="http://www.w3.org/1999/xhtml" xml:lang="en" lang="en">
 <head>
  <title>
</title>
<meta http-equiv="Content-Type" content="text/html;charset=utf-8" />
  <meta name='ocr-system' content='tesseract 3.04.00' />
  <meta name='ocr-capabilities' content='ocr_page ocr_carea ocr_par ocr_line ocrx_word'/>
</head>
<body>
  <div class='ocr_page' id='page_1' title='image "./excerptadeantiq00codigoog_0204.png"; bbox 0 0 2808 4616; ppageno 0'>
   <div class='ocr_carea' id='block_1_1' title="bbox 347 227 1240 308">
    <p class='ocr_par' dir='ltr' id='par_1_1' title="bbox 347 227 1240 308">
     <span class='ocr_line' id='line_1_1' title="bbox 347 227 1240 308; baseline 0.015 -13"><span class='ocrx_word' id='word_1_1' title='bbox 347 230 516 296; x_wconf 86' lang='lat' dir='ltr'>BREVES</span> <span class='ocrx_word' id='word_1_2' title='bbox 542 227 748 296; x_wconf 80' lang='lat' dir='ltr'><strong>ENARRAT.</strong></span> <span class='ocrx_word' id='word_1_3' title='bbox 777 229 1027 299; x_wconf 85' lang='lat' dir='ltr'>CHRONOGR.</span> <span class='ocrx_word' id='word_1_4' title='bbox 1169 233 1240 308; x_wconf 88' lang='grc'>187</span> 
     </span>
    </p>
   </div>
   <div class='ocr_carea' id='block_1_2' title="bbox 130 411 1244 716">
    <p class='ocr_par' dir='ltr' id='par_1_2' title="bbox 130 411 1244 716">
     <span class='ocr_line' id='line_1_2' title="bbox 132 411 1242 504; baseline 0.002 -18"><span class='ocrx_word' id='word_1_5' title='bbox 132 420 284 503; x_wconf 80' lang='grc' dir='ltr'><strong><em>βασιλίσιν</em></strong></span> <span class='ocrx_word' id='word_1_6' title='bbox 308 419 399 484; x_wconf 74' lang='grc' dir='ltr'><strong><em>ἐκεῖσε</em></strong></span> <span class='ocrx_word' id='word_1_7' title='bbox 422 419 567 504; x_wconf 74' lang='grc' dir='ltr'><strong><em>ἐγίνοντο.</em></strong></span> <span class='ocrx_word' id='word_1_8' title='bbox 618 417 699 484; x_wconf 76' lang='lat' dir='ltr'>stat</span> <span class='ocrx_word' id='word_1_9' title='bbox 721 421 772 484; x_wconf 84' lang='grc' dir='ltr'>καί</span> <span class='ocrx_word' id='word_1_10' title='bbox 789 415 937 486; x_wconf 83' lang='grc' dir='ltr'><strong><em>νταλοίτιον</em></strong></span> <span class='ocrx_word' id='word_1_11' title='bbox 953 411 992 504; x_wconf 78' lang='grc' dir='ltr'>ἦν</span> <span class='ocrx_word' id='word_1_12' title='bbox 1009 423 1082 487; x_wconf 80' lang='grc' dir='ltr'><strong><em>ποτὲ</em></strong></span> <span class='ocrx_word' id='word_1_13' title='bbox 1099 422 1242 490; x_wconf 86' lang='grc' dir='ltr'><strong><em>σονιστιί-</em></strong></span> 
     </span>
     <span class='ocr_line' id='line_1_3' title="bbox 133 520 1244 611; baseline 0.003 -21"><span class='ocrx_word' id='word_1_14' title='bbox 133 551 242 606; x_wconf 89' lang='grc' dir='ltr'><strong><em>μενον,</em></strong></span> <span class='ocrx_word' id='word_1_15' title='bbox 273 525 399 607; x_wconf 82' lang='grc' dir='ltr'><em>πλησίον</em></span> <span class='ocrx_word' id='word_1_16' title='bbox 424 529 558 600; x_wconf 86' lang='grc' dir='ltr'><strong><em>παλαιᾶς</em></strong></span> <span class='ocrx_word' id='word_1_17' title='bbox 582 523 742 608; x_wconf 68' lang='grc' dir='ltr'><strong><em>ἐκκλησίας</em></strong></span> <span class='ocrx_word' id='word_1_18' title='bbox 766 529 821 607; x_wconf 79' lang='grc' dir='ltr'><strong><em>τῆς</em></strong></span> <span class='ocrx_word' id='word_1_19' title='bbox 846 520 933 609; x_wconf 77' lang='grc' dir='ltr'><strong><em>ἁγίας</em></strong></span> <span class='ocrx_word' id='word_1_20' title='bbox 956 523 1090 611; x_wconf 81' lang='grc' dir='ltr'><strong><em>Εἰρήνης</em></strong></span> <span class='ocrx_word' id='word_1_21' title='bbox 1097 575 1107 606; x_wconf 99' lang='grc'><strong><em>,</em></strong></span> <span class='ocrx_word' id='word_1_22' title='bbox 1134 528 1244 606; x_wconf 72' lang='grc' dir='ltr'><strong><em>καθὼς</em></strong></span> 
     </span>
     <span class='ocr_line' id='line_1_4' title="bbox 130 624 652 716; baseline -0.006 -22"><span class='ocrx_word' id='word_1_23' title='bbox 130 627 270 712; x_wconf 81' lang='grc' dir='ltr'><em>Ἰωάννης</em></span> <span class='ocrx_word' id='word_1_24' title='bbox 287 624 303 692; x_wconf 92' lang='lat'>5</span> <span class='ocrx_word' id='word_1_25' title='bbox 321 625 546 716; x_wconf 78' lang='grc' dir='ltr'><strong><em>διακρινόμενος</em></strong></span> <span class='ocrx_word' id='word_1_26' title='bbox 564 626 652 711; x_wconf 76' lang='grc' dir='ltr'><strong><em>λέγει.</em></strong></span> 
     </span>
    </p>
   </div>
   <div class='ocr_carea' id='block_1_3' title="bbox 91 761 1283 2198">
    <p class='ocr_par' dir='ltr' id='par_1_3' title="bbox 91 761 1283 2198">
     <span class='ocr_line' id='line_1_5' title="bbox 237 761 1280 853; baseline 0.003 -23"><span class='ocrx_word' id='word_1_27' title='bbox 237 767 317 832; x_wconf 79' lang='grc' dir='ltr'><strong><em>Δίον</em></strong></span> <span class='ocrx_word' id='word_1_28' title='bbox 336 763 490 853; x_wconf 72' lang='grc' dir='ltr'><strong><em>γινώσκειν</em></strong></span> <span class='ocrx_word' id='word_1_29' title='bbox 507 763 554 830; x_wconf 88' lang='grc' dir='ltr'>δτι</span> <span class='ocrx_word' id='word_1_30' title='bbox 570 765 605 830; x_wconf 88' lang='grc' dir='ltr'><strong><em>τδ</em></strong></span> <span class='ocrx_word' id='word_1_31' title='bbox 624 761 782 850; x_wconf 86' lang='grc' dir='ltr'><strong><em>λεγόμενον</em></strong></span> <span class='ocrx_word' id='word_1_32' title='bbox 799 762 1013 848; x_wconf 81' lang='grc' dir='ltr'><strong><em>Αδγοασταῖον</em></strong></span> <span class='ocrx_word' id='word_1_33' title='bbox 1030 762 1145 851; x_wconf 78' lang='grc' dir='ltr'><strong><em>στήλας</em></strong></span> <span class='ocrx_word' id='word_1_34' title='bbox 1160 776 1240 853; x_wconf 76' lang='grc' dir='ltr'><strong><em>τρεῖς</em></strong></span> <span class='ocrx_word' id='word_1_35' title='bbox 1256 781 1280 833; x_wconf 81' lang='grc' dir='ltr'><strong>Ε</strong></span> 
     </span>
     <span class='ocr_line' id='line_1_6' title="bbox 110 868 1244 956; baseline 0.002 -24"><span class='ocrx_word' id='word_1_36' title='bbox 110 872 321 955; x_wconf 60' lang='lat' dir='ltr'>seratque,</span> <span class='ocrx_word' id='word_1_37' title='bbox 355 873 588 936; x_wconf 85' lang='grc' dir='ltr'><strong><em>Κωνσταντίνοο</em></strong></span> <span class='ocrx_word' id='word_1_38' title='bbox 619 875 675 935; x_wconf 79' lang='grc' dir='ltr'><strong><em>τοῦ</em></strong></span> <span class='ocrx_word' id='word_1_39' title='bbox 699 876 820 956; x_wconf 80' lang='grc' dir='ltr'><strong><em>πρῶτον</em></strong></span> <span class='ocrx_word' id='word_1_40' title='bbox 846 871 877 933; x_wconf 75' lang='grc' dir='ltr'>ἓν</span> <span class='ocrx_word' id='word_1_41' title='bbox 903 868 986 934; x_wconf 83' lang='grc' dir='ltr'><strong>ὠ...</strong></span> <span class='ocrx_word' id='word_1_42' title='bbox 1012 873 1063 934; x_wconf 79' lang='grc' dir='ltr'>καὶ</span> <span class='ocrx_word' id='word_1_43' title='bbox 1087 873 1244 953; x_wconf 78' lang='grc' dir='ltr'><strong><em>βασιλικαὶ</em></strong></span> 
     </span>
     <span class='ocr_line' id='line_1_7' title="bbox 134 968 1244 1060; baseline -0.002 -18"><span class='ocrx_word' id='word_1_44' title='bbox 134 968 213 1060; x_wconf 80' lang='grc' dir='ltr'><strong><em>ἦσαν</em></strong></span> <span class='ocrx_word' id='word_1_45' title='bbox 237 973 321 1041; x_wconf 80' lang='grc' dir='ltr'><strong><em>κτίται</em></strong></span> <span class='ocrx_word' id='word_1_46' title='bbox 347 971 369 1039; x_wconf 83' lang='grc' dir='ltr'>ε’</span> <span class='ocrx_word' id='word_1_47' title='bbox 392 982 448 1040; x_wconf 82' lang='grc' dir='ltr'><strong><em>τοῦ</em></strong></span> <span class='ocrx_word' id='word_1_48' title='bbox 473 977 587 1051; x_wconf 87' lang='grc' dir='ltr'><strong><em>κίονος,</em></strong></span> <span class='ocrx_word' id='word_1_49' title='bbox 613 975 846 1039; x_wconf 87' lang='grc' dir='ltr'><strong><em>Κωνοταντίνοο</em></strong></span> <span class='ocrx_word' id='word_1_50' title='bbox 864 970 1067 1050; x_wconf 82' lang='grc' dir='ltr'><strong><em>Κώνσταντος</em></strong></span> <span class='ocrx_word' id='word_1_51' title='bbox 1084 976 1135 1038; x_wconf 82' lang='grc' dir='ltr'>καὶ</span> <span class='ocrx_word' id='word_1_52' title='bbox 1153 977 1244 1040; x_wconf 85' lang='grc' dir='ltr'><strong><em>Κων-</em></strong></span> 
     </span>
     <span class='ocr_line' id='line_1_8' title="bbox 134 1076 1244 1165; baseline -0.004 -19"><span class='ocrx_word' id='word_1_53' title='bbox 134 1081 293 1158; x_wconf 87' lang='grc' dir='ltr'><strong><em>σταντίου,</em></strong></span> <span class='ocrx_word' id='word_1_54' title='bbox 321 1080 537 1154; x_wconf 85' lang='grc' dir='ltr'><strong><em>Κιονσταντίας</em></strong></span> <span class='ocrx_word' id='word_1_55' title='bbox 554 1103 586 1142; x_wconf 87' lang='grc' dir='ltr'><strong><em>τε</em></strong></span> <span class='ocrx_word' id='word_1_56' title='bbox 603 1079 655 1142; x_wconf 83' lang='grc' dir='ltr'>καλ</span> <span class='ocrx_word' id='word_1_57' title='bbox 671 1078 834 1142; x_wconf 82' lang='grc' dir='ltr'><strong><em>Λικινίου·</em></strong></span> <span class='ocrx_word' id='word_1_58' title='bbox 862 1076 941 1140; x_wconf 72' lang='lat' dir='ltr'>atta</span> <span class='ocrx_word' id='word_1_59' title='bbox 958 1080 1009 1142; x_wconf 76' lang='grc' dir='ltr'>καὶ</span> <span class='ocrx_word' id='word_1_60' title='bbox 1025 1076 1152 1165; x_wconf 76' lang='grc' dir='ltr'><strong><em>ὕστερον</em></strong></span> <span class='ocrx_word' id='word_1_61' title='bbox 1166 1079 1244 1142; x_wconf 86' lang='grc' dir='ltr'><strong><em>Ἰου-</em></strong></span> 
     </span>
     <span class='ocr_line' id='line_1_9' title="bbox 134 1165 1245 1270; baseline -0.001 -24"><span class='ocrx_word' id='word_1_62' title='bbox 134 1189 249 1248; x_wconf 82' lang='grc' dir='ltr'><strong><em>λιανοῦ.</em></strong></span> <span class='ocrx_word' id='word_1_63' title='bbox 302 1184 350 1246; x_wconf 79' lang='grc' dir='ltr'>ἐπὶ</span> <span class='ocrx_word' id='word_1_64' title='bbox 379 1181 546 1248; x_wconf 84' lang='grc' dir='ltr'><strong><em>Θεοδοσίου</em></strong></span> <span class='ocrx_word' id='word_1_65' title='bbox 572 1165 626 1246; x_wconf 71' lang='lat' dir='ltr'>odo</span> <span class='ocrx_word' id='word_1_66' title='bbox 648 1190 704 1246; x_wconf 78' lang='grc' dir='ltr'><strong><em>τοῦ</em></strong></span> <span class='ocrx_word' id='word_1_67' title='bbox 727 1177 860 1266; x_wconf 77' lang='grc' dir='ltr'><strong><em>μεγάλου</em></strong></span> <span class='ocrx_word' id='word_1_68' title='bbox 885 1179 980 1265; x_wconf 82' lang='grc' dir='ltr'><strong><em>στήλη</em></strong></span> <span class='ocrx_word' id='word_1_69' title='bbox 1004 1179 1091 1270; x_wconf 73' lang='grc' dir='ltr'><strong><em>ἑτέρα</em></strong></span> <span class='ocrx_word' id='word_1_70' title='bbox 1108 1188 1153 1269; x_wconf 78' lang='grc' dir='ltr'><strong><em>τῷ</em></strong></span> <span class='ocrx_word' id='word_1_71' title='bbox 1169 1186 1245 1247; x_wconf 91' lang='grc' dir='ltr'><strong><em>κίονι</em></strong></span> 
     </span>
     <span class='ocr_line' id='line_1_10' title="bbox 134 1279 1244 1372; baseline -0.001 -21"><span class='ocrx_word' id='word_1_72' title='bbox 134 1287 322 1368; x_wconf 80' lang='grc' dir='ltr'><strong><em>διαδέχεται,</em></strong></span> <span class='ocrx_word' id='word_1_73' title='bbox 348 1285 482 1371; x_wconf 82' lang='grc' dir='ltr'><strong><em>ἀργορία</em></strong></span> <span class='ocrx_word' id='word_1_74' title='bbox 499 1287 548 1349; x_wconf 86' lang='grc' dir='ltr'>καλ</span> <span class='ocrx_word' id='word_1_75' title='bbox 568 1279 655 1368; x_wconf 78' lang='grc' dir='ltr'><strong><em>αὐτή.</em></strong></span> <span class='ocrx_word' id='word_1_76' title='bbox 708 1283 787 1349; x_wconf 72' lang='lat' dir='ltr'>atta</span> <span class='ocrx_word' id='word_1_77' title='bbox 804 1285 855 1347; x_wconf 78' lang='grc' dir='ltr'>καὶ</span> <span class='ocrx_word' id='word_1_78' title='bbox 868 1284 1028 1370; x_wconf 83' lang='grc' dir='ltr'><strong><em>Ἀρκαδίαν</em></strong></span> <span class='ocrx_word' id='word_1_79' title='bbox 1042 1289 1091 1350; x_wconf 81' lang='grc' dir='ltr'>καὶ</span> <span class='ocrx_word' id='word_1_80' title='bbox 1105 1283 1244 1372; x_wconf 86' lang='grc' dir='ltr'><strong><em>Ὁνορίοο</em></strong></span> 
     </span>
     <span class='ocr_line' id='line_1_11' title="bbox 91 1384 1244 1478; baseline 0.004 -29"><span class='ocrx_word' id='word_1_81' title='bbox 91 1398 239 1478; x_wconf 78' lang='grc' dir='ltr'><strong><em>1οσρ...</em></strong></span> <span class='ocrx_word' id='word_1_82' title='bbox 265 1394 303 1474; x_wconf 80' lang='grc' dir='ltr'><strong><em>τῇ</em></strong></span> <span class='ocrx_word' id='word_1_83' title='bbox 329 1394 386 1474; x_wconf 82' lang='grc' dir='ltr'>γῇ,</span> <span class='ocrx_word' id='word_1_84' title='bbox 422 1385 463 1466; x_wconf 80' lang='grc' dir='ltr'>ὥς</span> <span class='ocrx_word' id='word_1_85' title='bbox 491 1385 507 1452; x_wconf 89' lang='lat'>5</span> <span class='ocrx_word' id='word_1_86' title='bbox 535 1384 697 1474; x_wconf 77' lang='grc' dir='ltr'><strong><em>Θεόδωρός</em></strong></span> <span class='ocrx_word' id='word_1_87' title='bbox 723 1414 808 1475; x_wconf 83' lang='grc' dir='ltr'><strong><em>φησι.</em></strong></span> <span class='ocrx_word' id='word_1_88' title='bbox 861 1389 893 1451; x_wconf 75' lang='grc' dir='ltr'>ἓν</span> <span class='ocrx_word' id='word_1_89' title='bbox 919 1388 953 1452; x_wconf 75' lang='grc' dir='ltr'>δὲ</span> <span class='ocrx_word' id='word_1_90' title='bbox 978 1397 1041 1464; x_wconf 86' lang='grc' dir='ltr'><strong><em>τοΐς</em></strong></span> <span class='ocrx_word' id='word_1_91' title='bbox 1065 1392 1244 1470; x_wconf 82' lang='grc' dir='ltr'><strong><em>Σιοζομενοῦ</em></strong></span> 
     </span>
     <span class='ocr_line' id='line_1_12' title="bbox 133 1489 1245 1581; baseline 0 -25"><span class='ocrx_word' id='word_1_92' title='bbox 133 1492 294 1581; x_wconf 89' lang='grc' dir='ltr'><strong><em>γριίμμασι</em></strong></span> <span class='ocrx_word' id='word_1_93' title='bbox 319 1491 429 1578; x_wconf 78' lang='grc' dir='ltr'><strong><em>φησίν,</em></strong></span> <span class='ocrx_word' id='word_1_94' title='bbox 452 1489 663 1569; x_wconf 83' lang='grc' dir='ltr'><strong><em>Ἰοοστινιανός</em></strong></span> <span class='ocrx_word' id='word_1_95' title='bbox 679 1493 760 1558; x_wconf 77' lang='grc' dir='ltr'><strong><em>ἐστιν</em></strong></span> <span class='ocrx_word' id='word_1_96' title='bbox 777 1489 796 1556; x_wconf 82' lang='grc' dir='ltr'><strong><em>δ</em></strong></span> <span class='ocrx_word' id='word_1_97' title='bbox 811 1496 864 1556; x_wconf 73' lang='grc' dir='ltr'>νῦν</span> <span class='ocrx_word' id='word_1_98' title='bbox 884 1495 1077 1579; x_wconf 72' lang='grc' dir='ltr'><strong><em>καθορᾶται,</em></strong></span> <span class='ocrx_word' id='word_1_99' title='bbox 1102 1490 1137 1556; x_wconf 85' lang='grc' dir='ltr'><strong><em>τὸ</em></strong></span> <span class='ocrx_word' id='word_1_100' title='bbox 1160 1493 1245 1576; x_wconf 85' lang='grc' dir='ltr'><strong><em>μίγι-</em></strong></span> 
     </span>
     <span class='ocr_line' id='line_1_13' title="bbox 135 1592 1283 1684; baseline -0.003 -22"><span class='ocrx_word' id='word_1_101' title='bbox 135 1622 208 1662; x_wconf 92' lang='grc' dir='ltr'><strong><em>στον</em></strong></span> <span class='ocrx_word' id='word_1_102' title='bbox 230 1601 285 1661; x_wconf 81' lang='grc' dir='ltr'><strong><em>τοῦ</em></strong></span> <span class='ocrx_word' id='word_1_103' title='bbox 308 1592 407 1684; x_wconf 83' lang='grc' dir='ltr'><strong><em>φόρου</em></strong></span> <span class='ocrx_word' id='word_1_104' title='bbox 431 1593 548 1676; x_wconf 81' lang='grc' dir='ltr'><strong><em>ζολδιον.</em></strong></span> <span class='ocrx_word' id='word_1_105' title='bbox 601 1593 688 1662; x_wconf 74' lang='grc' dir='ltr'><strong><em>καθά</em></strong></span> <span class='ocrx_word' id='word_1_106' title='bbox 706 1619 782 1684; x_wconf 81' lang='grc' dir='ltr'><strong><em>φησι</em></strong></span> <span class='ocrx_word' id='word_1_107' title='bbox 802 1592 1001 1681; x_wconf 79' lang='grc' dir='ltr'><strong><em>Θεοδῶρητος</em></strong></span> <span class='ocrx_word' id='word_1_108' title='bbox 1018 1597 1068 1659; x_wconf 85' lang='grc' dir='ltr'>καὶ</span> <span class='ocrx_word' id='word_1_109' title='bbox 1085 1596 1283 1677; x_wconf 56' lang='grc' dir='ltr'><strong><em>ΕὐσέβιοςΛλ</em></strong></span> 
     </span>
     <span class='ocr_line' id='line_1_14' title="bbox 135 1695 1245 1790; baseline -0.002 -26"><span class='ocrx_word' id='word_1_110' title='bbox 135 1701 167 1764; x_wconf 75' lang='grc' dir='ltr'>ἐν</span> <span class='ocrx_word' id='word_1_111' title='bbox 198 1695 243 1776; x_wconf 79' lang='grc' dir='ltr'>οἷς</span> <span class='ocrx_word' id='word_1_112' title='bbox 274 1703 399 1766; x_wconf 76' lang='grc' dir='ltr'><strong><em>δοκοῦσι</em></strong></span> <span class='ocrx_word' id='word_1_113' title='bbox 430 1697 621 1790; x_wconf 74' lang='grc' dir='ltr'><strong><em>σοράλεσθαι</em></strong></span> <span class='ocrx_word' id='word_1_114' title='bbox 654 1702 803 1783; x_wconf 74' lang='grc' dir='ltr'><strong><em>βιβλίοις,</em></strong></span> <span class='ocrx_word' id='word_1_115' title='bbox 841 1697 986 1782; x_wconf 85' lang='grc' dir='ltr'><strong><em>Ἕλληνος</em></strong></span> <span class='ocrx_word' id='word_1_116' title='bbox 1017 1695 1091 1765; x_wconf 78' lang='grc' dir='ltr'><strong><em>εἶναι</em></strong></span> <span class='ocrx_word' id='word_1_117' title='bbox 1121 1697 1245 1783; x_wconf 88' lang='grc' dir='ltr'><strong><em>στήλην,</em></strong></span> 
     </span>
     <span class='ocr_line' id='line_1_15' title="bbox 136 1801 1245 1892; baseline -0.001 -24"><span class='ocrx_word' id='word_1_118' title='bbox 136 1804 215 1869; x_wconf 71' lang='grc' dir='ltr'><strong><em>καθ’</em></strong></span> <span class='ocrx_word' id='word_1_119' title='bbox 239 1801 277 1887; x_wconf 83' lang='grc' dir='ltr'>ήν</span> <span class='ocrx_word' id='word_1_120' title='bbox 299 1802 475 1891; x_wconf 80' lang='grc' dir='ltr'><strong><em>ἀφιερώσας</em></strong></span> <span class='ocrx_word' id='word_1_121' title='bbox 492 1802 508 1869; x_wconf 87' lang='grc' dir='ltr'><strong><em>δ</em></strong></span> <span class='ocrx_word' id='word_1_122' title='bbox 525 1803 678 1892; x_wconf 81' lang='grc' dir='ltr'><strong><em>μακάριος</em></strong></span> <span class='ocrx_word' id='word_1_123' title='bbox 694 1807 926 1880; x_wconf 84' lang='grc' dir='ltr'><strong><em>Κωνσταντῖνος</em></strong></span> <span class='ocrx_word' id='word_1_124' title='bbox 944 1803 985 1866; x_wconf 81' lang='grc' dir='ltr'><strong><em>δι’</em></strong></span> <span class='ocrx_word' id='word_1_125' title='bbox 1006 1803 1095 1887; x_wconf 82' lang='grc' dir='ltr'><strong><em>εδχής</em></strong></span> <span class='ocrx_word' id='word_1_126' title='bbox 1112 1801 1245 1887; x_wconf 68' lang='grc' dir='ltr'><strong><em>ἔστησεν.</em></strong></span> 
     </span>
     <span class='ocr_line' id='line_1_16' title="bbox 93 1904 1245 1995; baseline 0.003 -28"><span class='ocrx_word' id='word_1_127' title='bbox 93 1909 168 1972; x_wconf 77' lang='grc' dir='ltr'>15ἒν</span> <span class='ocrx_word' id='word_1_128' title='bbox 187 1909 220 1972; x_wconf 75' lang='grc' dir='ltr'>δὲ</span> <span class='ocrx_word' id='word_1_129' title='bbox 237 1917 300 1984; x_wconf 76' lang='grc' dir='ltr'><strong><em>τοῖς</em></strong></span> <span class='ocrx_word' id='word_1_130' title='bbox 315 1907 527 1994; x_wconf 82' lang='grc' dir='ltr'><strong><em>Ἀττολιναρίοο</em></strong></span> <span class='ocrx_word' id='word_1_131' title='bbox 544 1911 595 1973; x_wconf 79' lang='grc' dir='ltr'>καὶ</span> <span class='ocrx_word' id='word_1_132' title='bbox 610 1905 808 1995; x_wconf 81' lang='grc' dir='ltr'><strong><em>Ἀλεξάνδρου</em></strong></span> <span class='ocrx_word' id='word_1_133' title='bbox 827 1904 1061 1993; x_wconf 77' lang='grc' dir='ltr'><strong><em>συγγράμμασιν</em></strong></span> <span class='ocrx_word' id='word_1_134' title='bbox 1079 1908 1245 1972; x_wconf 88' lang='grc' dir='ltr'><strong><em>Κωνσταν-</em></strong></span> 
     </span>
     <span class='ocr_line' id='line_1_17' title="bbox 135 2007 1244 2098; baseline -0.002 -22"><span class='ocrx_word' id='word_1_135' title='bbox 135 2012 218 2076; x_wconf 89' lang='grc' dir='ltr'><strong><em>τίνου</em></strong></span> <span class='ocrx_word' id='word_1_136' title='bbox 237 2007 310 2075; x_wconf 78' lang='grc' dir='ltr'><strong><em>εἶναι</em></strong></span> <span class='ocrx_word' id='word_1_137' title='bbox 327 2016 383 2076; x_wconf 80' lang='grc' dir='ltr'><strong><em>τοῦ</em></strong></span> <span class='ocrx_word' id='word_1_138' title='bbox 398 2009 551 2098; x_wconf 81' lang='grc' dir='ltr'><strong><em>μεγάλου,</em></strong></span> <span class='ocrx_word' id='word_1_139' title='bbox 577 2011 664 2076; x_wconf 72' lang='lat' dir='ltr'>redd</span> <span class='ocrx_word' id='word_1_140' title='bbox 682 2014 733 2076; x_wconf 85' lang='grc' dir='ltr'>καὶ</span> <span class='ocrx_word' id='word_1_141' title='bbox 751 2012 898 2094; x_wconf 82' lang='grc' dir='ltr'><strong><em>Μιλίχιος</em></strong></span> <span class='ocrx_word' id='word_1_142' title='bbox 915 2007 931 2074; x_wconf 86' lang='lat' dir='ltr'>d</span> <span class='ocrx_word' id='word_1_143' title='bbox 946 2007 1160 2097; x_wconf 82' lang='grc' dir='ltr'><strong><em>χρονογράφος</em></strong></span> <span class='ocrx_word' id='word_1_144' title='bbox 1176 2013 1244 2093; x_wconf 80' lang='grc' dir='ltr'><strong><em>ἐξη-</em></strong></span> 
     </span>
     <span class='ocr_line' id='line_1_18' title="bbox 134 2111 261 2198; baseline -0.016 -18"><span class='ocrx_word' id='word_1_145' title='bbox 134 2111 261 2198; x_wconf 88' lang='grc' dir='ltr'><strong><em>γήσατο.</em></strong></span> 
     </span>
    </p>
   </div>
   <div class='ocr_carea' id='block_1_4' title="bbox 234 2247 1350 2340">
    <p class='ocr_par' dir='ltr' id='par_1_4' title="bbox 234 2247 1350 2340">
     <span class='ocr_line' id='line_1_19' title="bbox 234 2247 1350 2340; baseline -0.001 -23"><span class='ocrx_word' id='word_1_146' title='bbox 234 2249 272 2317; x_wconf 89' lang='grc' dir='ltr'><strong><em>Ὁ</em></strong></span> <span class='ocrx_word' id='word_1_147' title='bbox 294 2251 420 2338; x_wconf 82' lang='grc' dir='ltr'><strong><em>τρίπους</em></strong></span> <span class='ocrx_word' id='word_1_148' title='bbox 443 2248 459 2317; x_wconf 89' lang='lat'>5</span> <span class='ocrx_word' id='word_1_149' title='bbox 484 2253 516 2317; x_wconf 75' lang='grc' dir='ltr'>ἓν</span> <span class='ocrx_word' id='word_1_150' title='bbox 538 2257 582 2340; x_wconf 82' lang='grc' dir='ltr'><strong><em>τῷ</em></strong></span> <span class='ocrx_word' id='word_1_151' title='bbox 605 2252 784 2338; x_wconf 82' lang='grc' dir='ltr'><strong><em>Στρατηγίῳ</em></strong></span> <span class='ocrx_word' id='word_1_152' title='bbox 805 2255 850 2338; x_wconf 72' lang='grc' dir='ltr'><strong><em>τῷ</em></strong></span> <span class='ocrx_word' id='word_1_153' title='bbox 871 2247 1010 2339; x_wconf 81' lang='grc' dir='ltr'><strong><em>μεγάλῳ,</em></strong></span> <span class='ocrx_word' id='word_1_154' title='bbox 1043 2248 1131 2315; x_wconf 76' lang='grc' dir='ltr'><strong><em>καθὰ</em></strong></span> <span class='ocrx_word' id='word_1_155' title='bbox 1153 2253 1242 2337; x_wconf 90' lang='grc' dir='ltr'><strong><em>Προ-</em></strong></span> <span class='ocrx_word' id='word_1_156' title='bbox 1260 2263 1281 2315; x_wconf 88' lang='grc' dir='ltr'>Ρ</span> <span class='ocrx_word' id='word_1_157' title='bbox 1300 2262 1350 2316; x_wconf 84' lang='grc'>103</span> 
     </span>
    </p>
   </div>
   <div class='ocr_carea' id='block_1_5' title="bbox 93 2349 1246 2855">
    <p class='ocr_par' dir='ltr' id='par_1_5' title="bbox 136 2349 1246 2442">
     <span class='ocr_line' id='line_1_20' title="bbox 136 2349 1246 2442; baseline 0.001 -24"><span class='ocrx_word' id='word_1_158' title='bbox 136 2352 278 2436; x_wconf 82' lang='grc' dir='ltr'><strong><em>μοδντιος</em></strong></span> <span class='ocrx_word' id='word_1_159' title='bbox 306 2355 502 2442; x_wconf 67' lang='grc' dir='ltr'><strong><em>Ἀλέξανδρον</em></strong></span> <span class='ocrx_word' id='word_1_160' title='bbox 530 2355 608 2440; x_wconf 82' lang='grc' dir='ltr'><strong><em>λίγει</em></strong></span> <span class='ocrx_word' id='word_1_161' title='bbox 633 2351 709 2420; x_wconf 80' lang='grc' dir='ltr'><strong><em>εἶναι</em></strong></span> <span class='ocrx_word' id='word_1_162' title='bbox 733 2354 787 2420; x_wconf 86' lang='grc' dir='ltr'><strong><em>τὸν</em></strong></span> <span class='ocrx_word' id='word_1_163' title='bbox 811 2349 992 2420; x_wconf 82' lang='grc' dir='ltr'><strong><em>Μακεδόνα.</em></strong></span> <span class='ocrx_word' id='word_1_164' title='bbox 1044 2356 1185 2420; x_wconf 75' lang='grc' dir='ltr'><strong><em>ἐπίστατο</em></strong></span> <span class='ocrx_word' id='word_1_165' title='bbox 1212 2355 1246 2419; x_wconf 80' lang='grc' dir='ltr'>δὲ</span> 
     </span>
    </p>

    <p class='ocr_par' dir='ltr' id='par_1_6' title="bbox 93 2455 1245 2855">
     <span class='ocr_line' id='line_1_21' title="bbox 93 2455 1243 2546; baseline 0.001 -25"><span class='ocrx_word' id='word_1_166' title='bbox 93 2461 188 2524; x_wconf 63' lang='lat' dir='ltr'>torui</span> <span class='ocrx_word' id='word_1_167' title='bbox 213 2460 245 2524; x_wconf 75' lang='grc' dir='ltr'>ἐκ</span> <span class='ocrx_word' id='word_1_168' title='bbox 267 2464 328 2524; x_wconf 80' lang='grc' dir='ltr'><strong><em>τῶν</em></strong></span> <span class='ocrx_word' id='word_1_169' title='bbox 350 2456 554 2546; x_wconf 82' lang='grc' dir='ltr'><strong><em>γραμμάτων,</em></strong></span> <span class='ocrx_word' id='word_1_170' title='bbox 580 2460 632 2524; x_wconf 80' lang='grc' dir='ltr'>καὶ</span> <span class='ocrx_word' id='word_1_171' title='bbox 649 2455 715 2524; x_wconf 83' lang='grc' dir='ltr'><strong><em>ὅσοι</em></strong></span> <span class='ocrx_word' id='word_1_172' title='bbox 733 2467 797 2534; x_wconf 76' lang='grc' dir='ltr'><strong><em>τοῖς</em></strong></span> <span class='ocrx_word' id='word_1_173' title='bbox 812 2455 988 2544; x_wconf 79' lang='grc' dir='ltr'><strong><em>γράμμασιν</em></strong></span> <span class='ocrx_word' id='word_1_174' title='bbox 1005 2458 1100 2523; x_wconf 75' lang='grc' dir='ltr'><strong><em>αὐτοῦ</em></strong></span> <span class='ocrx_word' id='word_1_175' title='bbox 1117 2459 1243 2544; x_wconf 78' lang='grc' dir='ltr'><strong><em>ἐμφιλο-</em></strong></span> 
     </span>
     <span class='ocr_line' id='line_1_22' title="bbox 132 2559 1245 2649; baseline -0.004 -21"><span class='ocrx_word' id='word_1_176' title='bbox 132 2569 286 2649; x_wconf 82' lang='grc' dir='ltr'><strong><em>χωροῦσι,</em></strong></span> <span class='ocrx_word' id='word_1_177' title='bbox 308 2562 444 2644; x_wconf 87' lang='grc' dir='ltr'><strong><em>μάλιστα</em></strong></span> <span class='ocrx_word' id='word_1_178' title='bbox 462 2564 493 2628; x_wconf 80' lang='grc' dir='ltr'>οἳ</span> <span class='ocrx_word' id='word_1_179' title='bbox 508 2574 575 2640; x_wconf 79' lang='grc' dir='ltr'><strong><em>ταῖς</em></strong></span> <span class='ocrx_word' id='word_1_180' title='bbox 591 2565 747 2646; x_wconf 86' lang='grc' dir='ltr'><strong><em>μαντείαις</em></strong></span> <span class='ocrx_word' id='word_1_181' title='bbox 764 2567 993 2646; x_wconf 79' lang='grc' dir='ltr'><strong><em>στοιχειοῦντες,</em></strong></span> <span class='ocrx_word' id='word_1_182' title='bbox 1017 2559 1245 2648; x_wconf 80' lang='grc' dir='ltr'><strong><em>ε’ττιγινοίσκοοσι</em></strong></span> 
     </span>
     <span class='ocr_line' id='line_1_23' title="bbox 135 2663 1245 2754; baseline 0 -25"><span class='ocrx_word' id='word_1_183' title='bbox 135 2666 189 2730; x_wconf 86' lang='grc' dir='ltr'><strong><em>τὸν</em></strong></span> <span class='ocrx_word' id='word_1_184' title='bbox 212 2666 423 2752; x_wconf 61' lang='grc' dir='ltr'><strong><em>Ἀλέξανδρον</em></strong></span> <span class='ocrx_word' id='word_1_185' title='bbox 450 2663 535 2730; x_wconf 75' lang='grc' dir='ltr'><strong><em>εἶναι.</em></strong></span> <span class='ocrx_word' id='word_1_186' title='bbox 586 2663 699 2754; x_wconf 82' lang='grc' dir='ltr'><strong><em>γράφει</em></strong></span> <span class='ocrx_word' id='word_1_187' title='bbox 725 2666 759 2730; x_wconf 75' lang='grc' dir='ltr'>δὲ</span> <span class='ocrx_word' id='word_1_188' title='bbox 782 2663 798 2730; x_wconf 85' lang='grc' dir='ltr'><em>ὃ</em></span> <span class='ocrx_word' id='word_1_189' title='bbox 824 2666 916 2741; x_wconf 76' lang='grc' dir='ltr'><strong><em>αὐτὸς</em></strong></span> <span class='ocrx_word' id='word_1_190' title='bbox 941 2667 991 2729; x_wconf 82' lang='grc' dir='ltr'>καὶ</span> <span class='ocrx_word' id='word_1_191' title='bbox 1015 2667 1245 2732; x_wconf 84' lang='grc' dir='ltr'><strong><em>Κωνσταντΐνον</em></strong></span> 
     </span>
     <span class='ocr_line' id='line_1_24' title="bbox 137 2765 1090 2855; baseline 0 -23"><span class='ocrx_word' id='word_1_192' title='bbox 137 2767 190 2832; x_wconf 86' lang='grc' dir='ltr'><strong><em>τὸν</em></strong></span> <span class='ocrx_word' id='word_1_193' title='bbox 207 2767 294 2854; x_wconf 76' lang='grc' dir='ltr'><strong><em>ἅγιον</em></strong></span> <span class='ocrx_word' id='word_1_194' title='bbox 311 2769 374 2833; x_wconf 75' lang='grc' dir='ltr'><strong><em>ἐκεῖ</em></strong></span> <span class='ocrx_word' id='word_1_195' title='bbox 386 2775 506 2855; x_wconf 82' lang='grc' dir='ltr'><strong><em>πρῶτον</em></strong></span> <span class='ocrx_word' id='word_1_196' title='bbox 523 2765 621 2855; x_wconf 82' lang='grc' dir='ltr'><strong><em>φόρον</em></strong></span> <span class='ocrx_word' id='word_1_197' title='bbox 636 2775 676 2854; x_wconf 77' lang='grc' dir='ltr'><strong><em>τῇ</em></strong></span> <span class='ocrx_word' id='word_1_198' title='bbox 694 2765 780 2832; x_wconf 81' lang='grc' dir='ltr'><strong><em>πόλει</em></strong></span> <span class='ocrx_word' id='word_1_199' title='bbox 796 2765 892 2854; x_wconf 73' lang='grc' dir='ltr'><strong><em>ταύτῃ</em></strong></span> <span class='ocrx_word' id='word_1_200' title='bbox 911 2767 1090 2852; x_wconf 79' lang='grc' dir='ltr'><strong><em>ἀναστῆσαι.</em></strong></span> 
     </span>
    </p>
   </div>
   <div class='ocr_carea' id='block_1_6' title="bbox 137 2995 1246 4322">
    <p class='ocr_par' dir='ltr' id='par_1_7' title="bbox 137 2995 1244 3132">
     <span class='ocr_line' id='line_1_25' title="bbox 138 2995 1244 3068; baseline -0.002 -16"><span class='ocrx_word' id='word_1_201' title='bbox 138 3000 190 3052; x_wconf 90' lang='lat' dir='ltr'>iruo</span> <span class='ocrx_word' id='word_1_202' title='bbox 216 3003 246 3052; x_wconf 90' lang='lat' dir='ltr'>et</span> <span class='ocrx_word' id='word_1_203' title='bbox 269 2997 394 3068; x_wconf 88' lang='lat' dir='ltr'>palatium</span> <span class='ocrx_word' id='word_1_204' title='bbox 417 2995 472 3048; x_wconf 86' lang='lat' dir='ltr'>illio</span> <span class='ocrx_word' id='word_1_205' title='bbox 496 2995 556 3048; x_wconf 89' lang='lat' dir='ltr'>olirn</span> <span class='ocrx_word' id='word_1_206' title='bbox 582 3001 656 3062; x_wconf 89' lang='lat' dir='ltr'>erat,</span> <span class='ocrx_word' id='word_1_207' title='bbox 687 2995 806 3066; x_wconf 86' lang='lat' dir='ltr'>proxime</span> <span class='ocrx_word' id='word_1_208' title='bbox 831 3001 948 3051; x_wconf 87' lang='lat' dir='ltr'>veterem</span> <span class='ocrx_word' id='word_1_209' title='bbox 974 2995 1111 3054; x_wconf 85' lang='lat' dir='ltr'>ecclesiam</span> <span class='ocrx_word' id='word_1_210' title='bbox 1135 3003 1244 3052; x_wconf 85' lang='lat' dir='ltr'>sanctae</span> 
     </span>
     <span class='ocr_line' id='line_1_26' title="bbox 137 3066 697 3132; baseline -0.007 -10"><span class='ocrx_word' id='word_1_211' title='bbox 137 3071 244 3132; x_wconf 82' lang='lat' dir='ltr'>Irenae,</span> <span class='ocrx_word' id='word_1_212' title='bbox 272 3074 303 3119; x_wconf 88' lang='lat' dir='ltr'>ut</span> <span class='ocrx_word' id='word_1_213' title='bbox 319 3071 410 3119; x_wconf 90' lang='lat' dir='ltr'>narrat</span> <span class='ocrx_word' id='word_1_214' title='bbox 426 3066 538 3118; x_wconf 89' lang='lat' dir='ltr'>Ioannes</span> <span class='ocrx_word' id='word_1_215' title='bbox 555 3067 697 3119; x_wconf 79' lang='lat' dir='ltr'>haesitans.</span> 
     </span>
    </p>

    <p class='ocr_par' dir='ltr' id='par_1_8' title="bbox 137 3135 1246 3758">
     <span class='ocr_line' id='line_1_27' title="bbox 244 3135 1243 3204; baseline -0.003 -14"><span class='ocrx_word' id='word_1_216' title='bbox 244 3137 384 3190; x_wconf 81' lang='lat' dir='ltr'><strong>Sciendum</strong></span> <span class='ocrx_word' id='word_1_217' title='bbox 410 3141 450 3188; x_wconf 89' lang='lat' dir='ltr'>est</span> <span class='ocrx_word' id='word_1_218' title='bbox 475 3135 667 3204; x_wconf 83' lang='lat' dir='ltr'>Augustaeum,</span> <span class='ocrx_word' id='word_1_219' title='bbox 694 3139 725 3188; x_wconf 89' lang='lat' dir='ltr'>ut</span> <span class='ocrx_word' id='word_1_220' title='bbox 748 3140 861 3202; x_wconf 86' lang='lat' dir='ltr'>vocant,</span> <span class='ocrx_word' id='word_1_221' title='bbox 888 3141 944 3189; x_wconf 88' lang='lat' dir='ltr'>tres</span> <span class='ocrx_word' id='word_1_222' title='bbox 967 3136 1117 3189; x_wconf 77' lang='lat' dir='ltr'><strong>successive</strong></span> <span class='ocrx_word' id='word_1_223' title='bbox 1140 3139 1243 3188; x_wconf 91' lang='lat' dir='ltr'>statuas</span> 
     </span>
     <span class='ocr_line' id='line_1_28' title="bbox 138 3205 1246 3274; baseline -0.005 -13"><span class='ocrx_word' id='word_1_224' title='bbox 138 3207 277 3274; x_wconf 88' lang='lat' dir='ltr'>habuisse,</span> <span class='ocrx_word' id='word_1_225' title='bbox 304 3205 473 3259; x_wconf 89' lang='lat' dir='ltr'>Constantini</span> <span class='ocrx_word' id='word_1_226' title='bbox 489 3206 598 3274; x_wconf 88' lang='lat' dir='ltr'>primum</span> <span class='ocrx_word' id='word_1_227' title='bbox 618 3241 698 3259; x_wconf 89' lang='grc'><strong>.....</strong></span> <span class='ocrx_word' id='word_1_228' title='bbox 717 3213 845 3274; x_wconf 79' lang='lat' dir='ltr'><strong>erantque</strong></span> <span class='ocrx_word' id='word_1_229' title='bbox 863 3208 954 3258; x_wconf 81' lang='lat' dir='ltr'><strong>subter</strong></span> <span class='ocrx_word' id='word_1_230' title='bbox 974 3206 1117 3260; x_wconf 88' lang='lat' dir='ltr'>columnam</span> <span class='ocrx_word' id='word_1_231' title='bbox 1134 3205 1246 3273; x_wconf 86' lang='lat' dir='ltr'>impera·</span> 
     </span>
     <span class='ocr_line' id='line_1_29' title="bbox 137 3274 1244 3344; baseline -0.005 -14"><span class='ocrx_word' id='word_1_232' title='bbox 137 3278 225 3330; x_wconf 87' lang='lat' dir='ltr'>toriae</span> <span class='ocrx_word' id='word_1_233' title='bbox 249 3285 352 3329; x_wconf 80' lang='lat' dir='ltr'><strong>statuae</strong></span> <span class='ocrx_word' id='word_1_234' title='bbox 396 3275 506 3344; x_wconf 90' lang='lat' dir='ltr'>uinque,</span> <span class='ocrx_word' id='word_1_235' title='bbox 534 3275 702 3328; x_wconf 79' lang='lat' dir='ltr'>Constantini</span> <span class='ocrx_word' id='word_1_236' title='bbox 726 3276 828 3328; x_wconf 89' lang='lat' dir='ltr'>scilicet</span> <span class='ocrx_word' id='word_1_237' title='bbox 852 3275 1007 3328; x_wconf 85' lang='lat' dir='ltr'>Constantis</span> <span class='ocrx_word' id='word_1_238' title='bbox 1033 3283 1062 3340; x_wconf 82' lang='lat' dir='ltr'>et</span> <span class='ocrx_word' id='word_1_239' title='bbox 1087 3274 1244 3341; x_wconf 89' lang='lat' dir='ltr'>Constantii,</span> 
     </span>
     <span class='ocr_line' id='line_1_30' title="bbox 138 3343 1244 3414; baseline -0.003 -15"><span class='ocrx_word' id='word_1_240' title='bbox 138 3347 311 3399; x_wconf 77' lang='lat' dir='ltr'>Constantine</span> <span class='ocrx_word' id='word_1_241' title='bbox 333 3352 362 3398; x_wconf 90' lang='lat' dir='ltr'>et</span> <span class='ocrx_word' id='word_1_242' title='bbox 408 3344 495 3405; x_wconf 84' lang='lat' dir='ltr'>icinii3</span> <span class='ocrx_word' id='word_1_243' title='bbox 521 3343 584 3412; x_wconf 91' lang='lat' dir='ltr'>quin</span> <span class='ocrx_word' id='word_1_244' title='bbox 607 3351 636 3396; x_wconf 88' lang='lat' dir='ltr'>et</span> <span class='ocrx_word' id='word_1_245' title='bbox 658 3352 751 3414; x_wconf 89' lang='lat' dir='ltr'>postea</span> <span class='ocrx_word' id='word_1_246' title='bbox 773 3344 876 3397; x_wconf 91' lang='lat' dir='ltr'>Iuliani.</span> <span class='ocrx_word' id='word_1_247' title='bbox 913 3346 962 3397; x_wconf 93' lang='lat' dir='ltr'>sub</span> <span class='ocrx_word' id='word_1_248' title='bbox 986 3345 1136 3397; x_wconf 87' lang='lat' dir='ltr'>Theodosio</span> <span class='ocrx_word' id='word_1_249' title='bbox 1154 3345 1244 3413; x_wconf 87' lang='lat' dir='ltr'>itaque</span> 
     </span>
     <span class='ocr_line' id='line_1_31' title="bbox 138 3413 1244 3486; baseline -0.003 -17"><span class='ocrx_word' id='word_1_250' title='bbox 138 3434 232 3485; x_wconf 82' lang='lat' dir='ltr'>magno</span> <span class='ocrx_word' id='word_1_251' title='bbox 256 3422 343 3468; x_wconf 87' lang='lat' dir='ltr'>statua</span> <span class='ocrx_word' id='word_1_252' title='bbox 367 3415 419 3466; x_wconf 89' lang='lat' dir='ltr'>alia</span> <span class='ocrx_word' id='word_1_253' title='bbox 440 3414 549 3484; x_wconf 87' lang='lat' dir='ltr'>primam</span> <span class='ocrx_word' id='word_1_254' title='bbox 574 3415 691 3483; x_wconf 86' lang='lat' dir='ltr'>excepit,</span> <span class='ocrx_word' id='word_1_255' title='bbox 720 3431 788 3482; x_wconf 88' lang='lat' dir='ltr'>quae</span> <span class='ocrx_word' id='word_1_256' title='bbox 811 3422 938 3484; x_wconf 83' lang='lat' dir='ltr'>argentea</span> <span class='ocrx_word' id='word_1_257' title='bbox 963 3426 990 3466; x_wconf 89' lang='lat' dir='ltr'>et</span> <span class='ocrx_word' id='word_1_258' title='bbox 1013 3417 1072 3486; x_wconf 86' lang='lat' dir='ltr'>ipsa</span> <span class='ocrx_word' id='word_1_259' title='bbox 1095 3421 1166 3476; x_wconf 81' lang='lat' dir='ltr'>erat3</span> <span class='ocrx_word' id='word_1_260' title='bbox 1197 3413 1244 3466; x_wconf 89' lang='lat' dir='ltr'>sed</span> 
     </span>
     <span class='ocr_line' id='line_1_32' title="bbox 139 3483 1246 3552; baseline -0.003 -14"><span class='ocrx_word' id='word_1_261' title='bbox 139 3487 216 3538; x_wconf 89' lang='lat' dir='ltr'>etiam</span> <span class='ocrx_word' id='word_1_262' title='bbox 232 3485 341 3538; x_wconf 80' lang='lat' dir='ltr'>Arcadii</span> <span class='ocrx_word' id='word_1_263' title='bbox 358 3491 385 3535; x_wconf 89' lang='lat' dir='ltr'>et</span> <span class='ocrx_word' id='word_1_264' title='bbox 401 3483 513 3536; x_wconf 89' lang='lat' dir='ltr'>Honorii</span> <span class='ocrx_word' id='word_1_265' title='bbox 532 3519 611 3550; x_wconf 82' lang='lat'>....,</span> <span class='ocrx_word' id='word_1_266' title='bbox 642 3485 854 3552; x_wconf 87' lang='lat' dir='ltr'>quemadmodum</span> <span class='ocrx_word' id='word_1_267' title='bbox 870 3485 1026 3538; x_wconf 84' lang='lat' dir='ltr'>Theodorus</span> <span class='ocrx_word' id='word_1_268' title='bbox 1044 3485 1091 3536; x_wconf 89' lang='lat' dir='ltr'>ait.</span> <span class='ocrx_word' id='word_1_269' title='bbox 1132 3485 1160 3536; x_wconf 88' lang='lat' dir='ltr'>in</span> <span class='ocrx_word' id='word_1_270' title='bbox 1178 3483 1246 3536; x_wconf 90' lang='lat' dir='ltr'>scri-</span> 
     </span>
     <span class='ocr_line' id='line_1_33' title="bbox 138 3551 1244 3624; baseline -0.005 -16"><span class='ocrx_word' id='word_1_271' title='bbox 138 3555 192 3624; x_wconf 88' lang='lat' dir='ltr'>ptis</span> <span class='ocrx_word' id='word_1_272' title='bbox 211 3571 273 3608; x_wconf 87' lang='lat' dir='ltr'>vero</span> <span class='ocrx_word' id='word_1_273' title='bbox 292 3553 433 3608; x_wconf 77' lang='lat' dir='ltr'>Sozorneni</span> <span class='ocrx_word' id='word_1_274' title='bbox 450 3551 546 3604; x_wconf 88' lang='lat' dir='ltr'>dicitur</span> <span class='ocrx_word' id='word_1_275' title='bbox 560 3553 732 3606; x_wconf 85' lang='lat' dir='ltr'>lastinianum</span> <span class='ocrx_word' id='word_1_276' title='bbox 751 3571 808 3606; x_wconf 87' lang='lat' dir='ltr'>esse</span> <span class='ocrx_word' id='word_1_277' title='bbox 827 3555 873 3624; x_wconf 91' lang='lat' dir='ltr'>qui</span> <span class='ocrx_word' id='word_1_278' title='bbox 889 3571 959 3606; x_wconf 92' lang='lat' dir='ltr'>nuno</span> <span class='ocrx_word' id='word_1_279' title='bbox 976 3553 1151 3624; x_wconf 78' lang='lat' dir='ltr'>conspicitur,</span> <span class='ocrx_word' id='word_1_280' title='bbox 1177 3569 1244 3622; x_wconf 90' lang='lat' dir='ltr'>quae</span> 
     </span>
     <span class='ocr_line' id='line_1_34' title="bbox 139 3622 1244 3692; baseline -0.003 -16"><span class='ocrx_word' id='word_1_281' title='bbox 139 3630 182 3676; x_wconf 86' lang='lat' dir='ltr'>est</span> <span class='ocrx_word' id='word_1_282' title='bbox 206 3626 316 3678; x_wconf 86' lang='lat' dir='ltr'>maxima</span> <span class='ocrx_word' id='word_1_283' title='bbox 341 3622 415 3676; x_wconf 83' lang='lat' dir='ltr'>Circi</span> <span class='ocrx_word' id='word_1_284' title='bbox 439 3623 534 3690; x_wconf 83' lang='lat' dir='ltr'>figura.</span> <span class='ocrx_word' id='word_1_285' title='bbox 570 3628 601 3676; x_wconf 90' lang='lat' dir='ltr'>ut</span> <span class='ocrx_word' id='word_1_286' title='bbox 624 3623 700 3675; x_wconf 85' lang='lat' dir='ltr'>aiunt</span> <span class='ocrx_word' id='word_1_287' title='bbox 720 3622 905 3676; x_wconf 83' lang='lat' dir='ltr'>Theodoretus</span> <span class='ocrx_word' id='word_1_288' title='bbox 928 3629 957 3676; x_wconf 85' lang='lat' dir='ltr'>et</span> <span class='ocrx_word' id='word_1_289' title='bbox 977 3624 1122 3690; x_wconf 81' lang='lat' dir='ltr'><strong>Eusebius,</strong></span> <span class='ocrx_word' id='word_1_290' title='bbox 1148 3623 1244 3692; x_wconf 88' lang='lat' dir='ltr'>quibus</span> 
     </span>
     <span class='ocr_line' id='line_1_35' title="bbox 139 3689 1244 3758; baseline -0.005 -12"><span class='ocrx_word' id='word_1_291' title='bbox 139 3693 214 3747; x_wconf 89' lang='lat' dir='ltr'>libris</span> <span class='ocrx_word' id='word_1_292' title='bbox 231 3711 321 3747; x_wconf 89' lang='lat' dir='ltr'>eorum</span> <span class='ocrx_word' id='word_1_293' title='bbox 337 3693 463 3746; x_wconf 85' lang='lat' dir='ltr'>videntur</span> <span class='ocrx_word' id='word_1_294' title='bbox 480 3689 606 3744; x_wconf 82' lang='lat' dir='ltr'><strong>collectae</strong></span> <span class='ocrx_word' id='word_1_295' title='bbox 623 3693 784 3758; x_wconf 87' lang='lat' dir='ltr'>sententiae,</span> <span class='ocrx_word' id='word_1_296' title='bbox 802 3693 912 3746; x_wconf 87' lang='lat' dir='ltr'>hominis</span> <span class='ocrx_word' id='word_1_297' title='bbox 930 3694 1030 3746; x_wconf 85' lang='lat' dir='ltr'>Graeci</span> <span class='ocrx_word' id='word_1_298' title='bbox 1046 3711 1104 3748; x_wconf 88' lang='lat' dir='ltr'>esse</span> <span class='ocrx_word' id='word_1_299' title='bbox 1121 3699 1244 3757; x_wconf 88' lang='lat' dir='ltr'>statuam,</span> 
     </span>
    </p>

    <p class='ocr_par' dir='ltr' id='par_1_9' title="bbox 139 3762 1244 3972">
     <span class='ocr_line' id='line_1_36' title="bbox 159 3762 1244 3833; baseline -0.004 -18"><span class='ocrx_word' id='word_1_300' title='bbox 159 3780 218 3816; x_wconf 85' lang='lat' dir='ltr'>uam</span> <span class='ocrx_word' id='word_1_301' title='bbox 242 3765 338 3818; x_wconf 85' lang='lat' dir='ltr'>beatus</span> <span class='ocrx_word' id='word_1_302' title='bbox 362 3762 551 3814; x_wconf 84' lang='lat' dir='ltr'>Constantinus</span> <span class='ocrx_word' id='word_1_303' title='bbox 574 3762 642 3814; x_wconf 87' lang='lat' dir='ltr'>fusis</span> <span class='ocrx_word' id='word_1_304' title='bbox 665 3763 789 3831; x_wconf 84' lang='lat' dir='ltr'>precibus</span> <span class='ocrx_word' id='word_1_305' title='bbox 813 3763 956 3817; x_wconf 78' lang='lat' dir='ltr'>dedicavit.</span> <span class='ocrx_word' id='word_1_306' title='bbox 995 3763 1024 3816; x_wconf 91' lang='lat' dir='ltr'>in</span> <span class='ocrx_word' id='word_1_307' title='bbox 1047 3764 1154 3833; x_wconf 87' lang='lat' dir='ltr'>scriptis</span> <span class='ocrx_word' id='word_1_308' title='bbox 1179 3777 1244 3814; x_wconf 78' lang='lat' dir='ltr'>vero</span> 
     </span>
     <span class='ocr_line' id='line_1_37' title="bbox 139 3779 1244 3902; baseline -0.003 -18"><span class='ocrx_word' id='word_1_309' title='bbox 139 3779 295 3902; x_wconf 67' lang='lat' dir='ltr'>dpoilinarii</span> <span class='ocrx_word' id='word_1_310' title='bbox 323 3837 353 3886; x_wconf 87' lang='lat' dir='ltr'>et</span> <span class='ocrx_word' id='word_1_311' title='bbox 378 3830 521 3884; x_wconf 82' lang='lat' dir='ltr'>Alexandri</span> <span class='ocrx_word' id='word_1_312' title='bbox 549 3831 719 3884; x_wconf 85' lang='lat' dir='ltr'>Constantini</span> <span class='ocrx_word' id='word_1_313' title='bbox 746 3832 834 3902; x_wconf 82' lang='lat' dir='ltr'>magni</span> <span class='ocrx_word' id='word_1_314' title='bbox 862 3849 921 3886; x_wconf 88' lang='lat' dir='ltr'>ease</span> <span class='ocrx_word' id='word_1_315' title='bbox 947 3833 1078 3902; x_wconf 82' lang='lat' dir='ltr'>traditur,</span> <span class='ocrx_word' id='word_1_316' title='bbox 1109 3841 1139 3886; x_wconf 92' lang='lat' dir='ltr'>ut</span> <span class='ocrx_word' id='word_1_317' title='bbox 1167 3830 1244 3883; x_wconf 86' lang='lat' dir='ltr'>etiam</span> 
     </span>
     <span class='ocr_line' id='line_1_38' title="bbox 139 3901 635 3972; baseline 0 -18"><span class='ocrx_word' id='word_1_318' title='bbox 139 3901 273 3956; x_wconf 88' lang='lat' dir='ltr'>Milichius</span> <span class='ocrx_word' id='word_1_319' title='bbox 289 3902 502 3972; x_wconf 82' lang='lat' dir='ltr'>chronographus</span> <span class='ocrx_word' id='word_1_320' title='bbox 519 3907 635 3954; x_wconf 83' lang='lat' dir='ltr'>enarrat.</span> 
     </span>
    </p>

    <p class='ocr_par' dir='ltr' id='par_1_10' title="bbox 140 3969 1245 4322">
     <span class='ocr_line' id='line_1_39' title="bbox 243 3969 1243 4042; baseline -0.006 -17"><span class='ocrx_word' id='word_1_321' title='bbox 243 3971 345 4042; x_wconf 86' lang='lat' dir='ltr'>Tripus</span> <span class='ocrx_word' id='word_1_322' title='bbox 371 3971 416 4042; x_wconf 90' lang='lat' dir='ltr'>qui</span> <span class='ocrx_word' id='word_1_323' title='bbox 438 3973 465 4024; x_wconf 87' lang='lat' dir='ltr'>in</span> <span class='ocrx_word' id='word_1_324' title='bbox 487 3971 624 4040; x_wconf 73' lang='lat' dir='ltr'>strategio</span> <span class='ocrx_word' id='word_1_325' title='bbox 648 3985 740 4040; x_wconf 86' lang='lat' dir='ltr'>roogno</span> <span class='ocrx_word' id='word_1_326' title='bbox 762 3969 874 4037; x_wconf 84' lang='lat' dir='ltr'>visitur,</span> <span class='ocrx_word' id='word_1_327' title='bbox 901 3970 1046 4026; x_wconf 82' lang='lat' dir='ltr'>Alexander</span> <span class='ocrx_word' id='word_1_328' title='bbox 1062 3971 1172 4026; x_wconf 86' lang='lat' dir='ltr'>Macedo</span> <span class='ocrx_word' id='word_1_329' title='bbox 1191 3971 1243 4036; x_wconf 90' lang='lat' dir='ltr'>est,</span> 
     </span>
     <span class='ocr_line' id='line_1_40' title="bbox 141 4040 1244 4112; baseline 0 -22"><span class='ocrx_word' id='word_1_330' title='bbox 141 4045 267 4093; x_wconf 86' lang='lat' dir='ltr'>narrante</span> <span class='ocrx_word' id='word_1_331' title='bbox 291 4041 454 4095; x_wconf 88' lang='lat' dir='ltr'>Promuntio.</span> <span class='ocrx_word' id='word_1_332' title='bbox 489 4040 518 4092; x_wconf 89' lang='lat' dir='ltr'>id</span> <span class='ocrx_word' id='word_1_333' title='bbox 538 4057 603 4093; x_wconf 82' lang='lat' dir='ltr'>vero</span> <span class='ocrx_word' id='word_1_334' title='bbox 628 4045 741 4094; x_wconf 83' lang='lat' dir='ltr'>noverat</span> <span class='ocrx_word' id='word_1_335' title='bbox 765 4058 799 4093; x_wconf 84' lang='lat' dir='ltr'>ex</span> <span class='ocrx_word' id='word_1_336' title='bbox 821 4042 978 4112; x_wconf 85' lang='lat' dir='ltr'>perscriptis</span> <span class='ocrx_word' id='word_1_337' title='bbox 1002 4042 1102 4105; x_wconf 84' lang='lat' dir='ltr'>literis,</span> <span class='ocrx_word' id='word_1_338' title='bbox 1128 4040 1244 4106; x_wconf 86' lang='lat' dir='ltr'>itemque</span> 
     </span>
     <span class='ocr_line' id='line_1_41' title="bbox 142 4105 1245 4182; baseline 0.002 -24"><span class='ocrx_word' id='word_1_339' title='bbox 142 4113 273 4176; x_wconf 87' lang='lat' dir='ltr'>quotquot</span> <span class='ocrx_word' id='word_1_340' title='bbox 288 4111 316 4161; x_wconf 90' lang='lat' dir='ltr'>in</span> <span class='ocrx_word' id='word_1_341' title='bbox 333 4111 390 4164; x_wconf 86' lang='lat' dir='ltr'>eius</span> <span class='ocrx_word' id='word_1_342' title='bbox 407 4110 508 4164; x_wconf 85' lang='lat' dir='ltr'>versati</span> <span class='ocrx_word' id='word_1_343' title='bbox 525 4115 587 4164; x_wconf 89' lang='lat' dir='ltr'>suut</span> <span class='ocrx_word' id='word_1_344' title='bbox 602 4110 690 4178; x_wconf 88' lang='lat' dir='ltr'>libris,</span> <span class='ocrx_word' id='word_1_345' title='bbox 717 4112 880 4180; x_wconf 85' lang='lat' dir='ltr'>maximeque</span> <span class='ocrx_word' id='word_1_346' title='bbox 897 4113 943 4182; x_wconf 90' lang='lat' dir='ltr'>qui</span> <span class='ocrx_word' id='word_1_347' title='bbox 960 4108 1164 4164; x_wconf 85' lang='lat' dir='ltr'>divinationibus</span> <span class='ocrx_word' id='word_1_348' title='bbox 1182 4105 1245 4160; x_wconf 90' lang='lat' dir='ltr'>dant</span> 
     </span>
     <span class='ocr_line' id='line_1_42' title="bbox 141 4177 1241 4251; baseline 0 -23"><span class='ocrx_word' id='word_1_349' title='bbox 141 4193 262 4248; x_wconf 87' lang='lat' dir='ltr'>operam,</span> <span class='ocrx_word' id='word_1_350' title='bbox 288 4195 346 4232; x_wconf 87' lang='lat' dir='ltr'>eum</span> <span class='ocrx_word' id='word_1_351' title='bbox 369 4197 418 4250; x_wconf 89' lang='lat' dir='ltr'>pro</span> <span class='ocrx_word' id='word_1_352' title='bbox 442 4179 591 4234; x_wconf 81' lang='lat' dir='ltr'>Alexandro</span> <span class='ocrx_word' id='word_1_353' title='bbox 616 4186 768 4251; x_wconf 81' lang='lat' dir='ltr'>agnoscunt.</span> <span class='ocrx_word' id='word_1_354' title='bbox 804 4181 890 4234; x_wconf 84' lang='lat' dir='ltr'>refert</span> <span class='ocrx_word' id='word_1_355' title='bbox 911 4181 979 4234; x_wconf 90' lang='lat' dir='ltr'>idem</span> <span class='ocrx_word' id='word_1_356' title='bbox 999 4177 1110 4246; x_wconf 88' lang='lat' dir='ltr'>scriptor</span> <span class='ocrx_word' id='word_1_357' title='bbox 1125 4181 1241 4230; x_wconf 86' lang='lat' dir='ltr'>sanctam</span> 
     </span>
     <span class='ocr_line' id='line_1_43' title="bbox 140 4246 860 4322; baseline 0.004 -22"><span class='ocrx_word' id='word_1_358' title='bbox 140 4246 343 4302; x_wconf 74' lang='lat' dir='ltr'>Ccmtantiuaur</span> <span class='ocrx_word' id='word_1_359' title='bbox 359 4249 398 4304; x_wconf 93' lang='lat' dir='ltr'>ibi</span> <span class='ocrx_word' id='word_1_360' title='bbox 416 4251 525 4322; x_wconf 88' lang='lat' dir='ltr'>primum</span> <span class='ocrx_word' id='word_1_361' title='bbox 541 4252 626 4306; x_wconf 81' lang='lat' dir='ltr'>iorum</span> <span class='ocrx_word' id='word_1_362' title='bbox 643 4251 703 4306; x_wconf 90' lang='lat' dir='ltr'>urbi</span> <span class='ocrx_word' id='word_1_363' title='bbox 720 4252 860 4307; x_wconf 79' lang='lat' dir='ltr'>excitasse.</span> 
     </span>
    </p>
   </div>
   <div class='ocr_carea' id='block_1_7' title="bbox 0 0 1413 4616">
    <p class='ocr_par' dir='ltr' id='par_1_11' title="bbox 0 0 1413 4616">
     <span class='ocr_line' id='line_1_44' title="bbox 0 0 1413 4616; baseline 0 0"><span class='ocrx_word' id='word_1_364' title='bbox 0 0 1413 4616; x_wconf 95' lang='lat' dir='ltr'> </span> 
     </span>
    </p>
   </div>
  </div>
 </body>
</html>
