2802 4636
149 289 196 358 aa
486 278 704 354 onononu
728 275 916 347 connons

147 476 269 554 κόλαος.
302 470 320 539 δ
336 471 470 559 Δαρεῖος
485 465 581 538 ἔκτισε
597 469 651 536 τόν
668 464 750 535 οἶκον
765 474 821 552 τῆς
836 465 1013 550 Κονατίοης
1027 470 1084 532 τοῦ
1100 467 1253 552 Σκληροῦ.

148 577 165 648 ὃ
183 583 319 666 Μαῦρος
335 575 449 643 ἔιιτισεν
466 571 548 641 οἷκον
565 572 599 652 ὃς
616 573 732 658 λέγεται
748 579 802 638 νῦν
817 577 873 638 τοῦ
889 573 1038 636 Batava.
1078 564 1256 645 ὃῬοδανδς

149 682 262 750 ἔκτισεν
280 678 362 747 οίκον
378 678 413 757 ὃς
428 685 563 746 καλεῖται
579 678 618 743 τά
635 679 667 742 ἓν
684 677 839 762 οὐρανοῖς·
862 673 926 740 ἔστι
950 673 984 738 δὲ
999 679 1054 756 τῆς
1070 672 1254 756 Μαμοιίνης.

149 785 323 853 ὃΣαλτίων
340 783 454 852 ἔκτισεν
470 779 552 848 οἶκον
568 779 602 858 ὃς
612 765 753 847 ’καλεῖται
776 784 832 846 τοῦ
849 778 1056 866 Κορδομίτου.
1107 772 1124 840 ὃ
1141 772 1256 842 Μόδε-

149 916 222 968 στος
247 888 361 956 ἔκτισεν
378 883 459 953 οίκον
477 891 520 964 εἷς
536 885 608 962 τοὺς
624 882 728 970 όγίους
744 880 934 959 ἀποστόλους
949 879 1002 947 τόν
1019 875 1179 966 λεγόμενον
1200 884 1281 954 τοῦς

148 997 302 1082 λαμπροῦ.
355 990 385 1056 oi
401 991 435 1056 δὲ
450 999 531 1078 τρεῖς
546 993 695 1065 πυλεῶνες
711 989 895 1071 ἐκτίσθησαν
911 984 997 1072 παρά
1011 989 1067 1050 τοῦ
1083 978 1258 1066 Εὐβούλου.

149 1095 246 1164 ἔκτισε
264 1096 298 1162 δὲ
315 1089 332 1162 ὅ
346 1094 438 1172 αότδς
449 1097 500 1159 καὶ
514 1092 665 1180 τέσσαρας
679 1088 845 1176 ἐμβόλους,
863 1088 922 1155 άπδ
936 1095 990 1154 τοῦ
1004 1088 1155 1152 παλατίου
1167 1086 1257 1172 μέχρι

149 1206 212 1267 τῶν
231 1199 384 1287 χερσαίων
409 1203 534 1282 τειχῶν,
566 1191 749 1283 ίγχορήγους
774 1191 901 1270 θόλους.
954 1187 971 1257 ό
994 1191 1051 1276 μὲν
1077 1187 1121 1268 εἷς
1145 1187 1257 1274 ἤρχετο

151 1303 212 1370 άπὸ
239 1309 295 1370 τοῦ
320 1301 569 1388 τζυκανιστηρίου
594 1303 645 1364 καλ
668 1304 729 1365 τῶν
744 1294 908 1385 μαγγάνων
924 1297 976 1362 καλ
993 1302 1048 1379 τῆς
1064 1291 1259 1380 ἀκροπόλεως

150 1410 279 1473 καὶτῶν
296 1404 461 1492 Εόγενίου,
487 1406 539 1470 καὶ
557 1400 696 1490 διήρχετο
713 1403 803 1488 μέχρι
820 1405 876 1466 τοῦ
893 1395 980 1486 άγίου
994 1399 1169 1477 Ἀντωνίου,
1189 1394 1205 1461 δ
1224 1397 1258 1461 δι’
1268 1413 1302 1468 10
1383 1485 1384 1488 ¹

111 1525 134 1578 Β
152 1513 252 1598 ἔτερος
277 1508 338 1576 άπὸ
361 1516 417 1592 τῆς
432 1505 564 1595 Δάφνης
586 1511 637 1573 καὶ
660 1511 722 1572 τῶν
740 1509 865 1595 Σοφιῶν
888 1503 977 1590 μίχρι
993 1509 1049 1586 τῆς
1059 1498 1192 1584 Ῥόβδσυ
1200 1549 1211 1581 ,
1231 1499 1261 1564 οἳ
1383 1503 1384 1512 ’

151 1615 186 1680 δὲ
211 1613 308 1702 ἔτερον
333 1610 389 1679 δόο
413 1610 540 1696 ἔμβολοι
563 1610 624 1676 άπὸ
650 1616 706 1693 τῆς
726 1615 844 1694 χαλκῆς
860 1609 983 1674 καὶτοῦ
1001 1606 1119 1674 Μιλίου
1136 1606 1188 1670 καὶ
1204 1610 1261 1669 τοῦ

152 1714 252 1807 φόρου
268 1717 357 1804 μίχρι
373 1722 429 1782 τοῦ
439 1712 567 1802 Ταόρου
585 1716 636 1780 καὶ
652 1719 707 1779 τοῦ
718 1715 801 1792 Βοός
817 1713 941 1777 καὶτοῦ
957 1706 1134 1788 ἓξακιονίου.
1159 1706 1262 1774 ἐπάνω

152 1822 186 1887 δὲ
202 1828 263 1888 τῶν
279 1817 419 1904 ἐμβόλων
441 1819 600 1908 περίπατοι
623 1820 778 1882 πλακωτοὶ
801 1817 916 1884 λίθινοι
939 1817 991 1880 καί
1017 1819 1127 1898 στῆλαι
1147 1817 1268 1897 χαλκαῖ
1383 1851 1384 1868 ,

151 1923 272 2013 άπειροι
290 1927 332 2001 εἰς
348 1921 550 2009 διακόσμησιν
566 1928 622 2007 τῆς
637 1919 764 2000 πόλεως.
814 1918 911 1986 ἔκτισε
928 1918 1031 1986 δὲκαὶ
1047 1916 1119 1994 τοδς
1134 1919 1305 2003 podoni-15

152 2055 225 2108 νας,
249 2028 389 2105 καὶτοὺς
407 2026 544 2115 άγωγοδς
560 2026 666 2116 ἔφερεν
683 2026 743 2092 ἀπὸ
762 2024 967 2112 Βουλγαρίας.
1017 2022 1137 2104 ἐποίησε
1154 2021 1189 2085 δὲ
1210 2021 1264 2084 καὶ

153 2130 270 2216 γάβους
293 2128 475 2216 ἓγχορῆγους
497 2133 545 2194 ἐπί
569 2137 673 2194 πᾶσαν
695 2129 752 2210 τὴν
775 2127 882 2210 πόλιν,
908 2131 1021 2210 βαθεῖς
1037 2131 1081 2214 τῷ
1098 2121 1173 2208 όψει
1193 2120 1266 2188 ὅσον

152 2241 213 2300 τῶν
239 2231 379 2315 ἐμβόλων
401 2231 453 2295 διδ
479 2229 515 2296 τό
537 2229 582 2312 μὴ
608 2227 684 2294 είναι
708 2232 861 2296 δυσωδίαν
883 2226 970 2308 τινά,
997 2231 1048 2293 καὶ
1066 2225 1267 2311 ἔνσκήπτουσι

152 2334 238 2402 νόσοι
255 2335 384 2414 πολλαί,
411 2331 482 2398 ἀλλ’
510 2333 553 2408 εἰς
576 2331 611 2395 τό
628 2330 733 2413 βάθος
749 2333 927 2420 διέρχεσθαι
950 2330 1007 2410 τός
1024 2329 1170 2408 δυσώδεις
1186 2329 1266 2407 όλας

223 2499 238 2551 l
256 2490 307 2550 τόν
324 2486 404 2548 οἷκον
421 2493 473 2547 εδδ
493 2493 527 2547 C.
667 2489 846 2563 ίκανατίσοης
867 2493 930 2552 Vat.
1068 2495 1087 2550 2
1104 2493 1212 2547 Βελονοῖ
1229 2493 1264 2547 0.

222 2562 238 2622 ό
259 2557 396 2626 Ῥοδανός
417 2557 538 2618 ὄπισθεν
562 2563 612 2630 τῆς
634 2558 718 2632 ἁγίοις
742 2565 854 2632 Σοφίας
872 2559 905 2617 τό
930 2563 982 2618 νῦν
1005 2559 1160 2634 τυγχάνον,
1195 2557 1266 2629 όπερ

156 2699 160 2708 ¹
223 2629 383 2703 λέγεταικαὶ
400 2628 563 2701 Δόγοράυης
581 2635 642 2688 Vat.
662 2635 738 2690 alius.
879 2635 897 2688 3
915 2629 971 2687 ἔστι
987 2633 1011 2686 (l
1030 2635 1091 2690 Vct.
1110 2633 1191 2702 vulgo
1209 2626 1267 2686 ἐπὶ.

222 2698 429 2764 Ualerianos
446 2703 469 2755 C
488 2704 552 2756 Vat.
627 2698 814 2772 Κουδομότου
832 2704 874 2769 C,
890 2703 1057 2772 κοντομίτου
1076 2702 1139 2759 Vat.
1216 2695 1265 2758 ’ίό

223 2766 310 2834 aritia
324 2765 391 2835 τους
405 2767 540 2836 τέσσαρας
556 2767 721 2840 όγχορήγους
737 2767 884 2833 θολατοός
899 2766 957 2826 άπδ
984 2773 1036 2826 τοῦ
1058 2771 1201 2825 παλατίου
1217 2767 1268 2824 καί

223 2840 302 2930 μέχρι
317 2843 369 2896 τοῦ
385 2840 514 2912 χερσαίου
530 2843 638 2910 τείχους
655 2845 716 2898 Vat.
855 2836 1082 2909 ludecanum,
1100 2835 1174 2896 ὅπου
1192 2827 1229 2904 ἦν
1246 2833 1266 2907 ἡ

223 2930 316 2978 πορτα
336 2913 387 2966 τοῦ
404 2911 535 2981 χερσαίου
552 2911 659 2978 τείχους
677 2913 738 2964 Vat.
843 2912 877 2966 16
897 2907 1005 2979 ἔφερεν]
1023 2905 1058 2964 δι’
1077 2898 1117 2964 ὦν
1138 2904 1171 2963 τό
1189 2905 1267 2975 ὕδωρ

224 2976 371 3050 ἐκφέρεται
380 2981 413 3039 C.
481 2973 605 3049 ἐποίησε]
620 2978 703 3048 μέσον
722 2975 754 3033 δὲ
772 2979 828 3032 τῶν
846 2975 980 3049 ἐμβόλων,
998 2978 1071 3034 ἔνθα
1088 2973 1107 3048 ἡ
1127 2975 1270 3046 λεωφόρος

225 3048 299 3104 ἔστιν
311 3046 387 3119 όδός,
403 3046 452 3102 καί
469 3041 516 3103 lat
531 3045 626 3102 πάντα
645 3043 730 3103 ἄλλον
747 3045 835 3104 τόπον
848 3051 897 3116 τῆς
912 3047 1018 3112 πόλεως
1030 3044 1117 3102 ἔκτισε
1129 3066 1166 3100 κοι
1184 3045 1271 3108 άλους

222 3115 368 3180 &clutorio
391 3120 455 3173 Vat.
557 3115 605 3171 κοιλ
623 3114 690 3181 τοός
704 3114 848 3190 καράβους
864 3117 897 3174 C.
1022 3120 1055 3174 18
1079 3115 1143 3187 καί]
1162 3067 1269 3171 ἔνθεοί

224 3181 396 3256 ἐνσκήπτωσι
413 3187 447 3242 C.

155 3324 246 3379 aedem
258 3324 400 3378 Canatbae
416 3324 506 3378 uxoris
517 3325 604 3379 Βολεοὶ
619 3324 749 3392 condidit,
767 3325 879 3380 Maurus
895 3343 960 3380 vero
979 3325 1097 3394 domum,
1115 3341 1185 3408 quae
1201 3341 1271 3378 nunc

155 3395 253 3448 dicitur
267 3395 403 3452 Bellonae.
438 3393 580 3448 Rhodanus
598 3395 700 3448 domum
717 3401 893 3465 nuncupatam
910 3395 938 3448 in
950 3395 1039 3450 Caelis
1057 3395 1192 3461 condidit,
1211 3395 1270 3448 Sal·

156 3463 251 3517 lustius
268 3471 354 3517 autem
372 3482 428 3518 eam
464 3481 513 3518 uae
530 3465 674 3518 Contomiti
692 3465 849 3536 appellatur.
884 3465 1023 3520 Modestus
1048 3464 1202 3520 aedificavit
1225 3464 1273 3516 do·

155 3533 275 3586 mamad
292 3534 344 3586 SS.
362 3482 495 3606 apostiios
504 3573 512 3603 ‚
529 3551 598 3604 quae
614 3535 724 3604 Lampri
740 3535 851 3588 dicitur:
868 3534 922 3588 tria
941 3553 1005 3589 raro
1023 3535 1081 3589 eius
1098 3534 1169 3588 atria
1179 3534 1272 3586 Eubu-

156 3602 197 3655 lus
215 3602 354 3657 exstruxit.
388 3604 457 3658 idem
474 3610 601 3673 quattuor
619 3605 738 3674 porticus
757 3603 906 3658 condidita
922 3605 1021 3676 palatio
1046 3622 1131 3675 usque
1154 3603 1189 3656 ad
1211 3619 1271 3655 eum

154 3670 241 3724 locum
257 3672 393 3726 terrestris
410 3673 479 3726 muri
494 3673 524 3726 in
541 3690 618 3742 quem
634 3675 727 3727 sordes
743 3673 901 3730 efferuntur.
936 3691 989 3728 una
1005 3674 1153 3758 incipiebat
1167 3673 1272 3740 ειΤτγ-

155 3740 313 3808 canisterio,
343 3741 498 3812 Manganis‚
527 3760 589 3797 acro
610 3744 646 3796 oli
662 3750 691 3797 et
705 3751 781 3798 turre
796 3743 928 3814 Eugenii,
954 3751 982 3797 et
998 3744 1171 3814 pertmgehat
1187 3759 1272 3810 usque

156 3813 192 3864 ad
209 3811 241 3865 S.
258 3812 417 3874 Antonium3
446 3814 531 3866 altera
549 3831 566 3865 a
609 3813 695 3883 aphne
712 3819 741 3866 et
761 3813 862 3882 palatio
880 3812 1017 3883 Sophiano
1034 3830 1119 3883 usque
1136 3813 1170 3866 ad
1188 3813 1273 3864 eccle-

157 3879 223 3933 siam
248 3879 292 3936 dei
321 3881 458 3950 genitricis
490 3890 666 3953 nuncupatam
688 3883 819 3936 Raudum
852 3883 973 3954 reliquae
1006 3883 1075 3936 duae
1105 3883 1224 3953 porticus
1256 3898 1273 3932 a

158 3950 258 4003 Chalos
274 3949 350 4003 Milic
373 3959 401 4004 et
424 3951 484 4002 foro
503 3968 585 4020 usque
603 3953 638 4004 ad
655 3951 775 4005 Taurum
791 3951 892 4004 Boram
910 3960 938 4006 et
954 3953 1147 4006 Hexacionium
1164 3956 1273 4022 perten-

157 4017 265 4074 debant.
299 4036 379 4090 supra
403 4020 522 4089 porticus
546 4026 632 4074 autem
659 4021 810 4073 ambulacra
833 4029 910 4074 erant
934 4023 1021 4093 lapide
1039 4021 1166 4090 quadrato
1185 4024 1273 4070 strata

157 4093 185 4137 et
210 4095 314 4143 statuae
339 4105 434 4142 aereae
458 4089 607 4142 innumerae
633 4089 666 4142 ad
693 4096 870 4143 ornamentum
888 4091 970 4144 urbis.
1005 4097 1147 4158 praeterea
1163 4087 1274 4140 latrinas

157 4155 293 4227 condidit,
322 4164 351 4211 et
372 4157 551 4228 aquaeductus
576 4175 610 4210 ex
626 4159 753 4227 Bulgaria
768 4159 797 4210 in
823 4159 914 4212 urbem
938 4159 1072 4229 perduxit.
1106 4157 1171 4211 fecit
1193 4157 1274 4210 otiam

156 4221 260 4306 cloacas
276 4229 368 4281 subter
385 4227 534 4280 universam
550 4228 643 4280 urbem
659 4233 841 4294 transeuntes,
859 4235 1004 4299 aequantes
1020 4227 1202 4296 profunditate
1215 4227 1275 4278 alti-

157 4291 273 4348 tudmem
288 4299 450 4366 porticuum,
479 4313 513 4350 ne
539 4313 572 4350 ex
595 4297 661 4351 malo
685 4297 766 4351 odore
790 4298 894 4352 morbus
918 4303 1087 4364 nasceretur,
1118 4297 1166 4350 sed
1191 4295 1275 4349 omnis
