2802 4636
505 295 565 360 DE
592 293 846 364 omonimus
871 297 933 364 GP.
1255 301 1277 372 7

267 477 349 546 Ἐπεὶ
373 483 408 548 δέ
434 489 533 550 ταῦτα
559 486 637 574 πρὸς
662 485 718 572 τὴν
737 484 849 554 ἑαυτοῦ
866 483 1039 576 διῳκήσατο
1054 485 1160 566 πόλιν,
1186 489 1279 576 ἐχρῆν

167 583 272 648 λοιπόν
288 585 362 662 τοὺς
378 585 519 666 ἐπιόντας
536 589 621 680 αύτῷ
648 592 816 676 ἀπωθῆσαι
841 583 1042 678 βαρβάρους,
1069 593 1119 656 καί
1143 591 1279 674 μάλιστα

165 687 218 752 τόν
234 689 381 770 Αἵμονα,
409 689 444 768 ὃς
468 690 617 781 τύραννος
636 694 763 788 Θρᾴκης
791 695 834 768 ὢν
859 699 911 760 καί
932 695 1011 782 πρός
1036 695 1132 779 αύτὴν
1153 687 1207 780 ἧκε
1223 697 1279 781 τὴν

164 796 221 856 τοῦ
237 789 395 872 Βύζαντος
411 786 531 876 πόλιν,
546 797 640 864 αὐτόν
656 827 688 866 τε
706 801 759 866 τὸν
776 799 865 886 ἥρωα
882 795 1130 886 προκαλούμενος
1147 803 1189 878 είς
1215 798 1278 882 μό-

138 907 222 979 δχην
239 899 290 960 καί
308 899 490 987 δίαπορθεῒν
507 899 628 969 ἅπαντα
652 905 926 990 προθυμούμενος·
953 904 1010 987 οὐχ
1035 903 1200 987 ὑπομείνας
1223 905 1279 989 τὴν

162 999 276 1086 ἔφοδον
292 1009 347 1068 τοῦ
364 1004 529 1093 βαρβάρου
548 1005 643 1089 μόνος
659 1009 736 1095 πρδς
752 1007 848 1092 μόνον
866 1011 1088 1093 διαγωνίζεται,
1114 1012 1165 1074 καὶ
1181 1035 1278 1074 κατα-

161 1102 270 1186 βάλλει
287 1105 341 1170 τδν
357 1111 484 1192 Ᾰίμονα
502 1112 550 1174 ἐπὶ
567 1111 621 1178 τόν
640 1109 804 1197 δμοίνυμον
822 1113 918 1180 αὐτοῦ
942 1111 1049 1200 λόφον.
1102 1110 1118 1176 ὁ
1144 1113 1199 1197 μέν
1223 1106 1277 1178 οὖν

161 1205 268 1288 Biia?
284 1211 361 1292 μετὰ
380 1213 436 1297 τὴν
455 1216 614 1302 εἰρημένην
630 1219 716 1302 νίκην
735 1214 776 1295 ὥς
794 1220 843 1284 ἐπί
859 1217 915 1301 τὴν
929 1214 1057 1309 Θρηίκην
1073 1216 1186 1299 ἤλαυνε
1205 1217 1277 1294 τούς
1295 1231 1318 1284 C

161 1314 343 1394 πολεμίους·
368 1316 499 1402 Χρύσης
516 1318 583 1386 δέό
607 1328 668 1386 τῶν
687 1326 823 1387 Σκυθῶν
844 1321 991 1403 βασιλεὺς
1016 1324 1200 1407 περαιωθείς
1224 1319 1278 1386 τόν

120 1415 277 1503 1οἼστρον
294 1422 439 1507 καὶπρὸς
456 1423 548 1488 αὐτόν
567 1426 700 1490 διελθεὺν
717 1423 886 1514 ἐπολιόρκει
902 1427 941 1492 τὰ
965 1432 1020 1508 τῆς
1044 1423 1161 1503 πόλεως
1183 1427 1277 1510 τείχη.

161 1521 240 1605 πρὸς
258 1519 293 1586 δν
310 1520 330 1606 ἡ
348 1532 404 1590 τού
423 1526 582 1606 Βύζαντος
599 1528 692 1614 γυνή,
710 1532 807 1614 μηδὲν
822 1531 1084 1615 καταλογισαμίνη
1102 1530 1137 1596 τὸ
1155 1535 1277 1613 πλῆθος

161 1630 222 1688 τῶν
239 1631 408 1711 πολεμίων,
435 1638 475 1718 τῇ
490 1637 645 1726 γυναικείᾳ
659 1638 739 1722 χειρί
752 1636 930 1720 χρησαμένη
950 1637 1158 1720 διηγωνίζετο,
1184 1659 1277 1722 ‹ropr-

161 1729 278 1814 οσμένη
304 1733 358 1798 τὸν
379 1732 543 1823 βόρβορον
565 1743 605 1826 τῇ
631 1745 693 1804 τῶν
721 1737 898 1824 δρακόντων
924 1742 1101 1828 συμμαχίη·
1136 1735 1191 1814 mic
1215 1738 1276 1823 γὰρ

162 1833 241 1898 κατὰ
263 1835 320 1919 τὴν
349 1836 438 1902 πόλιν
466 1839 554 1926 όφεις
582 1840 673 1918 εέςέν
691 1851 752 1906 τῶν
764 1845 887 1929 χωρίων
906 1848 1106 1923 συλλαβοῦσα
1123 1840 1277 1928 ἐφρούρει,

117 1934 291 2023 λόόθρόως
318 1951 383 2016 τοῖς
409 1943 555 2020 ἐναντίοις
579 1947 778 2032 ἐπιφανεῖσα,
814 1949 866 2010 καὶ
894 1947 979 2028 δίκην
1005 1951 1104 2026 βελῶν
1132 1945 1278 2010 ἀκοντίων

161 2039 275 2122 ἔπεμπε
302 2042 343 2106 τὰ
369 2047 484 2130 θηρία,
517 2049 568 2110 καὶ
602 2049 764 2124 πλείστους
796 2049 1071 2131 καταλυμηκαμένη
1102 2041 1202 2138 τούτῳ
1233 2055 1278 2135 τῷ

162 2141 268 2230 τρόπιρ
281 2146 407 2212 διέσωσε
421 2147 477 2230 τὴν
488 2146 586 2214 πόλιν.
616 2153 760 2216 ἐντεῦθεν
772 2153 873 2216 τοίνυν
886 2152 1014 2236 ἀρχαῖος
1024 2157 1130 2234 μῦθος
1142 2151 1276 2238 φέρεται,

161 2247 206 2328 μὴ
227 2249 288 2311 δεῖν
306 2247 379 2326 τούς
394 2252 474 2317 κατδ
491 2253 547 2335 τὴν
563 2249 653 2318 πόλιν
677 2251 895 2338 ἁλισκομένους
922 2253 1009 2342 όφεις
1035 2253 1199 2321 ἀπολλύειν
1224 2251 1276 2320 οἶα

161 2351 319 2437 εὐεργέτας
336 2355 433 2438 αὐτῆς
447 2358 635 2440 γενομένους.
1291 2361 1315 2411 D

114 2467 154 2521 20
267 2456 315 2521 013
330 2457 410 2538 perri
427 2460 524 2525 πολύν
537 2458 650 2548 χρόνον
667 2457 831 2548 Στρόμβος
847 2457 925 2548 ἀνὴρ
942 2457 1095 2542 τούνομα,
1113 2464 1165 2526 καί
1183 2461 1276 2537 αὐτὸς

159 2561 192 2623 ἐκ
218 2561 395 2646 Κεροέσσης
420 2567 556 2647 τεχθείς,
589 2564 723 2648 πόλεμον
749 2566 885 2654 ἐπιφέρει
911 2569 956 2652 τῷ
982 2563 1133 2644 Βύζαντι,
1161 2566 1276 2648 πολλὴν

159 2661 345 2749 ἐπαγόμενος
370 2663 513 2751 δύναμιν.
564 2671 688 2736 ἐκινεῖτο
717 2671 817 2735 τοίνυν
835 2667 957 2734 ἅπαντα
974 2669 1013 2733 τὰ
1033 2668 1177 2734 Σκυθικὰ
1194 2669 1274 2754 γένη,

228 2837 448 2898 λόπωθεῐσθοιι
465 2846 533 2902 Hes.
616 2851 634 2904 3
651 2845 740 2904 Αίαον
756 2848 822 2902 Hes.
841 2864 928 2916 neque
946 2847 1026 2900 aliter
1042 2848 1123 2900 infra.
1208 2847 1227 2901 4
1244 2865 1273 2900 τε

230 2914 298 2966 Hes.
316 2931 364 2984 pro
381 2910 423 2969 δὲ.
503 2899 776 2988 προσκαλούμενος
789 2919 880 2986 vulgo.
961 2917 978 2969 5
999 2911 1060 2984 σύγ]
1080 2905 1136 2969 mi?
1153 2935 1188 2970 an
1205 2911 1273 2970 ότελ

229 2983 247 3039 6
263 2979 349 3050 μόνος
364 2985 430 3042 Hes.
448 2988 533 3040 ceteri
549 2985 679 3054 Αἵμονος.
795 2987 812 3043 9
827 2982 962 3054 Ὀδρύσης
978 2986 1045 3038 Hes.
1063 2989 1185 3054 Κροῖσος
1201 2987 1274 3038 codi-

230 3069 273 3104 ces
292 3054 400 3122 aliquot.
495 3059 530 3110 10
547 3050 619 3109 αὐτοὶ
635 3053 758 3110 διελθόντι
775 3053 811 3109 τοὶ
828 3057 880 3124 τῆς
895 3052 1002 3120 πόλεως
1018 3055 1094 3123 τείχη
1113 3048 1271 3122 ἐπολιόρκει

228 3118 295 3184 τούς
310 3118 394 3176 ἔνδον
412 3127 478 3181 Hes.
595 3127 629 3180 λλ
644 3125 829 3195 παλαμναίων
844 3127 911 3179 vat.
1029 3127 1064 3180 13
1082 3119 1119 3188 ὥς
1135 3119 1188 3194 peip
1206 3120 1273 3186 τούς

230 3186 304 3246 κατὰ
319 3193 388 3248 Hes.
493 3193 529 3250 14
546 3190 577 3248 ἕν
593 3213 620 3248 τι
635 3196 739 3266 χωρίον
759 3199 824 3250 Hes.

263 3347 338 3400 Urbe
354 3350 394 3402 sic
412 3350 559 3404 constituta
576 3355 715 3418 supererat
732 3355 763 3403 ut
785 3351 952 3402 incurrentes
976 3347 1106 3402 barbaros
1131 3347 1273 3401 submove-

160 3423 217 3481 ret,
247 3423 276 3469 et
297 3417 424 3485 imprimis
445 3420 573 3473 Haemum
597 3421 729 3474 Thracias
753 3427 908 3489 tyrannum,
939 3417 986 3487 qui
1011 3418 1045 3472 sd
1071 3417 1203 3485 Byzantia
1228 3435 1272 3470 ur·

160 3486 218 3537 bem
240 3503 399 3555 progressus
421 3490 534 3560 ipsoque
558 3489 641 3542 heroe
664 3489 699 3542 sd
726 3507 840 3560 pugnam
867 3491 1014 3558 provocato
1041 3492 1136 3539 cuncta
1163 3492 1271 3541 vestare

160 3554 328 3610 decreverat.
363 3565 496 3612 caeterum
514 3561 620 3628 Byzas,
646 3575 701 3612 non
722 3565 876 3628 exspectato
894 3559 1012 3611 adventu
1028 3557 1153 3623 barbari,
1179 3558 1272 3626 ringu-

159 3624 209 3676 lari
231 3627 376 3680 certamine
399 3647 457 3682 eum
479 3631 589 3682 adortus
612 3630 642 3681 in
658 3635 747 3682 monte
764 3647 795 3683 co
832 3629 917 3680 omine
934 3627 1090 3698 prostravit.
1126 3627 1270 3697 posthanc

158 3693 299 3748 victoriam
316 3713 373 3750 cum
389 3699 480 3753 hostes
496 3699 525 3752 in
542 3699 684 3768 Threciam
701 3713 786 3769 usque
826 3715 890 3766 yzss
906 3704 1127 3767 persequeretur,
1155 3695 1271 3764 Scytha-

160 3781 217 3816 rum
234 3782 283 3818 rex
300 3766 421 3835 Odryses
436 3769 552 3822 traiecto
571 3768 641 3822 Istro
660 3769 694 3821 ad
708 3769 769 3838 ipss
785 3768 889 3822 moenis
904 3782 1062 3836 progressus
1083 3767 1176 3818 urbem
1194 3767 1270 3816 obse-

159 3833 213 3900 dit,
233 3853 290 3888 cum
308 3853 361 3905 quo
377 3838 508 3907 Byzantia
524 3855 608 3905 uxor,
624 3839 737 3892 hostium
754 3837 921 3891 multitudine
936 3834 1128 3907 imperterrita,
1152 3833 1270 3887 muliebri

157 3921 237 3956 manu
258 3905 424 3974 decertarit,
452 3915 604 3979 serpentum
629 3908 727 3962 auxilio
750 3909 892 3961 barbarum
918 3905 1142 3960 circumveniens:
1169 3917 1270 3970 angues

158 3973 227 4026 enim
246 3991 312 4044 quos
328 3977 356 4028 in
373 3979 441 4031 urbe
457 3995 509 4031 uno
525 3979 555 4030 in
571 3981 628 4032 Ιοοο
646 3979 769 4031 collectos
785 3978 954 4042 asservabat,
972 3992 1018 4028 eos
1035 3975 1122 4028 subito
1133 3972 1161 4023 in
1179 3971 1269 4023 hostes

158 4043 316 4111 sagittarum
334 4053 362 4100 et
378 4046 523 4102 iaculorum
539 4049 626 4100 instar
641 4047 762 4112 immisit,
780 4053 809 4100 et
825 4046 943 4131 plurimis
960 4046 1011 4098 hoc
1027 4043 1104 4096 modo
1121 4039 1269 4092 interfectis

158 4116 250 4166 urbem
268 4115 396 4172 servavit.
431 4126 511 4188 atque
529 4117 591 4169 hinc
606 4117 686 4171 fluxit
702 4119 812 4187 antique
826 4119 874 4170 ills
890 4116 999 4183 fabula,
1016 4114 1091 4194 nefas
1109 4125 1168 4160 οντα
1184 4124 1269 4229 Ι(χυδα-

159 4198 236 4250 qusm
252 4193 392 4254 serpentes
408 4186 437 4240 in
454 4189 522 4240 urbs
539 4194 646 4258 reptos,
673 4189 773 4260 quippe
790 4187 837 4256 qui
856 4186 882 4238 ei
898 4183 979 4238 saluti
994 4184 1111 4243 iuennt,
1136 4193 1192 4230 οοοι
1210 4192 1268 4258 erp.

260 4255 322 4308 Non
338 4257 418 4326 longo
435 4263 498 4327 post
513 4263 565 4310 tem
585 4259 780 4311 oreStrombus
797 4255 913 4326 quidam,
930 4261 958 4306 et
974 4252 1031 4320 ipss
1047 4248 1268 4328 Cproessrgem-

157 4327 210 4390 tus,
227 4339 365 4379 numeroso
384 4328 503 4382 exercitu
520 4328 554 4381 sd
574 4333 635 4382 uoto
652 4329 749 4381 bellum
769 4325 885 4395 Byzanti
901 4321 1001 4376 intulit.
1035 4331 1162 4390 unsvers*
1177 4322 1268 4376 ¹unss

291 4417 295 4436 t
