2814 4608
378 207 637 278 DESCRIPTIO
663 208 891 278 EGCLESIAE
915 213 1074 281 NOVAE.
1203 216 1274 288 197

171 391 408 488 παρασκευάζων
435 401 492 464 τού
513 395 662 485 προτίρου
686 393 804 480 κόσμου
828 395 1002 488 σεμνότερα.
1056 400 1148 480 εἷ’ποις
1173 400 1211 470 ἂν
1233 408 1276 484 εἰς

171 503 265 590 αὐτὸν
289 500 363 568 ἰδὼν
387 500 443 567 oda
467 500 665 588 ἀνθρωπίνης
684 501 787 589 χειρὸς
808 501 912 590 ἔργον,
939 504 1018 570 ἄλλα
1035 509 1124 573 θείαν
1138 508 1207 574 τινὰ
1224 513 1275 574 καὶ

171 605 246 694 ύπέρ
271 601 353 690 ἡμᾶς
377 601 505 690 δύναμιν
526 604 562 671 τό
585 602 697 684 κάλλος
714 605 798 696 αὐτῷ
814 605 1104 696 ἑπιμορφοόσασθαι.
1155 611 1275 700 προπύ-

171 717 243 776 λαια
265 709 321 794 μὲν
341 707 401 796 γὰρ
423 715 468 800 τῷ
490 714 556 800 ναῷ
570 714 736 797 περικαλλῆ
753 709 976 779 διεσκεύασται·
1002 715 1053 780 καὶ
1070 713 1129 800 γὰρ
1144 713 1270 802 μαρμά-
1287 715 1313 768 F

145 828 233 901 5ρων
259 809 425 878 διαλεύκιιιν
451 808 564 890 πλάκες
590 811 732 901 λαμπρόν
758 839 787 879 τι
815 819 865 880 καὶ
888 813 997 906 χάριεν
1023 816 1273 901 ἀποοτίλβουσαι,

169 917 241 1002 όλην
265 919 509 1001 ἓναπολαβούσαι
530 915 587 1002 τὴν
603 913 776 1004 πρόσοψιν,
803 923 853 984 καὶ
869 919 925 1005 τὴν
941 920 1019 1008 πρὸς
1035 917 1169 1006 ἀλλήλας
1185 924 1273 989 θίσιν

166 1025 218 1088 καὶ
243 1020 299 1105 τὴν
324 1026 386 1086 τῶν
411 1017 550 1108 περάτων
575 1019 744 1110 συνάφειαν
767 1028 812 1113 τῷ
835 1020 941 1113 ὁμαλῷ
966 1026 1016 1088 καί
1042 1026 1128 1115 λείῳ,
1154 1029 1204 1092 καὶ
1229 1035 1273 1118 τῷ

167 1120 407 1214 προοηρμόσθαι
424 1125 492 1189 λίαν
508 1121 745 1212 ἀποκρύψασαι,
765 1130 809 1204 εἰς
822 1125 889 1205 ἑνὸς
900 1129 991 1194 λίθου
1006 1129 1159 1212 συνέχειαν
1171 1155 1273 1216 γραμ-

167 1239 241 1313 μαῖς
267 1227 401 1305 εὐθείαις
424 1223 526 1314 ὥσπερ
549 1228 805 1318 ἐπιγεγραμμένου
812 1279 824 1311 ,
855 1237 965 1314 θαῦμα
989 1231 1092 1298 καινόν
1115 1230 1271 1320 ὁραθῆναι

125 1351 161 1404 10
168 1336 219 1399 καὶ
236 1327 379 1416 ἥδιστον,
406 1329 540 1416 τὴντῶν
556 1328 696 1420 ὁρώντων
712 1336 883 1422 φαντασίαν
899 1331 1076 1420 ὓπάγοισιν.
1127 1338 1159 1414 ἐξ
1177 1329 1270 1426 οὗπερ

166 1437 222 1513 τὰς
248 1433 337 1518 όψεις
360 1435 411 1499 καὶ
437 1434 616 1519 συνάγουσαι
642 1439 693 1500 καὶ
719 1435 796 1525 πρὸς
821 1435 932 1514 ἑαυτάς
956 1439 1191 1526 ἐπιστρέφουσαι
1215 1441 1269 1507 οὐκ
1285 1443 1308 1496 P
1325 1439 1376 1497 119

166 1540 282 1607 ἐθέλειν
298 1543 418 1604 ποιοῦσι
434 1538 488 1604 τόν
504 1539 629 1624 θεατὴν
635 1547 853 1627 μεταχωρῆσαι
870 1541 946 1628 πρός
962 1542 1001 1607 τά
1019 1539 1176 1628 ίνόότερα,
1196 1543 1266 1608 ἀλλ’

166 1645 198 1706 ἓν
215 1643 300 1731 αὐτῷ
315 1649 360 1733 τῷ
375 1645 627 1730 προτεμενίσματι
644 1649 698 1710 τοῦ
715 1649 813 1709 καλοῦ
829 1643 987 1728 θεάματος
999 1641 1016 1711 ὅ
1029 1645 1164 1734 προσιὼν
1180 1645 1270 1730 ἐμπι-

166 1743 334 1830 πλάμενος,
360 1749 411 1811 καὶ
437 1757 500 1824 τοῖς
526 1744 691 1834 ὁρωμένοις
716 1748 837 1831 ἐρείδων
863 1749 902 1814 τὰ
928 1747 1069 1832 άμματα,
1095 1747 1196 1837 ὥσπερ
1223 1775 1270 1828 τις

124 1863 158 1915 15
168 1850 364 1940 ἐρριζωμένος
379 1855 424 1939 τῷ
439 1847 579 1934 θαύματι
593 1851 723 1936 ἕστηκεν.
771 1851 884 1940 Ὀρφεῖ
890 1853 946 1934 μὲν
959 1853 989 1916 οἳ
999 1858 1098 1934 μῦθοι
1110 1859 1155 1941 τῷ
1169 1853 1270 1944 Θρᾳκὶ

166 1952 303 2042 κιθάραν
322 1959 481 2041 κροτοῦσι,
500 1961 644 2022 κινοῦσαν
661 1965 725 2032 τοῖς
741 1953 891 2042 φθόγγοις
903 1956 942 2022 τά
955 1954 1073 2040 ἄψυχα.
1125 1957 1152 2022 εί
1169 1957 1269 2022 δὲκαὶ

164 2055 238 2140 ἡμῖν
260 2059 329 2142 ἐξῆν
346 2060 389 2134 είς
403 2053 527 2140 μύθους
550 2056 690 2144 ἀπαίρειν
707 2059 757 2124 καὶ
774 2057 911 2146 φοβερὰν
927 2068 1021 2124 ποιεῖν
1037 2057 1092 2144 τὴν
1109 2056 1268 2143 ἀλήθειαν,

166 2159 245 2226 εἶπεν
269 2157 307 2224 ι’ίν
329 2185 375 2236 τις
397 2161 470 2238 τούς
485 2158 668 2248 προσιόντας
683 2168 728 2251 τῷ
742 2163 994 2250 προτεμενίσματι
1010 2164 1052 2240 εἰς
1068 2167 1172 2250 φυτῶν
1189 2162 1268 2228 άπα-

165 2264 402 2350 ιλενιλρουμὲνους
428 2261 521 2353 φύσιν
544 2270 588 2352 τῷ
609 2261 750 2347 θαύματι
771 2261 1036 2350 μεταβάλλεσθαι·
1062 2261 1158 2344 οὕτως
1184 2263 1304 2346 ἅπαξΒ

122 2382 211 2446 illaec
234 2367 308 2434 ἰδὼν
330 2365 592 2445 δυσαποσπάστως
606 2369 773 2451 κατέχεται.
1169 2379 1173 2390 ’

260 2503 402 2570 Ἐπειδὰν
425 2503 460 2569 δέ
480 2531 526 2581 τις
546 2505 663 2570 ἐκεῖθεν
678 2500 768 2587 μόλις
784 2502 995 2582 ἀποσπασθεὶς
1011 2507 1053 2583 είς
1069 2505 1144 2572 αὐτὸ
1161 2531 1265 2593 παρα-

161 2607 247 2696 κύψῃ
263 2609 299 2676 τό
316 2609 454 2690 τίμενος,
471 2604 577 2691 ἡλίκης
592 2610 644 2672 καὶ
661 2605 735 2692 ὅσης
751 2599 840 2684 οὗτος
853 2615 954 2696 χαρᾶς
969 2634 1001 2675 τε
1019 2605 1085 2693 ἅμα
1100 2612 1151 2676 καὶ
1165 2635 1264 2697 ταρα-

160 2719 219 2794 χῆς
243 2714 293 2776 καὶ
317 2709 480 2794 θαύματος
504 2712 709 2794 ἐμπίπλαται]
735 2707 777 2789 ὥς
802 2713 845 2788 είς
868 2712 962 2778 αὐτὸν
984 2710 1044 2800 γὰρ
1062 2712 1115 2780 τόν
1133 2713 1265 2800 οὐρανὸν

162 2978 222 3060 ipsa
237 2973 338 3045 palatia
352 2973 482 3040 illustrat,
509 2991 678 3045 magnamque
694 2975 774 3030 affert
790 2975 910 3046 pristinis
926 2974 982 3028 eius
1000 2972 1157 3028 ornamentis
1173 2989 1262 3028 ecces-

162 3062 272 3100 atonem.
306 3045 356 3116 hoc
380 3044 501 3112 ternplum
526 3046 690 3116 conspicatus
714 3047 785 3100 dicas
807 3063 860 3098 non
879 3046 1007 3098 humanae
1026 3044 1093 3096 artis
1109 3059 1174 3112 opus
1193 3059 1260 3109 esse,

162 3116 212 3168 sed
233 3114 349 3168 divinam
369 3113 498 3183 quendam
514 3114 641 3184 nobisque
660 3115 820 3186 superiorem
837 3115 960 3168 virtutem
976 3131 1032 3168 eam
1048 3113 1100 3183 ipsi
1116 3112 1262 3184 pulchritu-

161 3185 246 3240 dinem
269 3183 407 3236 indidisse.
442 3183 533 3252 templi
552 3185 708 3238 vestibulum
727 3186 834 3254 egregio
850 3193 946 3248 ornatu
963 3191 991 3238 et
1008 3183 1105 3235 decore
1122 3182 1262 3236 concinnu-

161 3263 231 3314 tum:
249 3253 354 3306 candidi
372 3253 440 3305 enirn
456 3254 590 3306 marmoris
605 3254 707 3307 tabulae
723 3272 780 3308 cunr
797 3254 936 3323 splendore
952 3260 981 3306 et
994 3257 1135 3305 venustate
1148 3252 1260 3320 fulgent,

161 3341 263 3393 unoque
280 3327 423 3391 conspectu
438 3322 598 3392 singularum
614 3324 749 3377 iuncturas
766 3329 794 3377 et
810 3325 953 3393 positiones
968 3321 1021 3376 leni
1034 3321 1126 3374 subtili
1144 3338 1177 3374 ue
1191 3338 1261 3374 com·

160 3394 271 3446 rniseura
288 3393 431 3460 obtegunt,
450 3393 488 3444 ita
505 3398 535 3444 ut
549 3389 662 3460 lapideus
679 3409 756 3446 uuum
773 3393 854 3447 rectis
870 3393 1022 3446 distinctum
1038 3391 1114 3443 lineis
1126 3337 1197 3458 ires
1213 3389 1261 3444 mi-

159 3462 249 3515 raculo
267 3463 373 3528 noval)
400 3478 460 3514 ease
483 3459 597 3527 dixeris,
623 3479 654 3515 ac
676 3463 833 3515 intuentium
854 3463 925 3515 oculi
941 3462 1095 3514 suavissime
1111 3459 1259 3531 capiantur.

159 3533 274 3600 indeque
291 3531 375 3584 visum
392 3530 432 3582 ita
448 3530 597 3584 demulcent
614 3549 645 3584 ac
661 3531 823 3598 devinciunt,
841 3541 870 3585 ut
886 3531 921 3584 ed
933 3531 1061 3584 interiora
1076 3529 1260 3600 conspicienda

159 3607 296 3672 spectator
311 3599 437 3652 accedere
453 3599 534 3667 nolit,
552 3599 599 3652 aed
615 3601 643 3652 in
659 3601 718 3669 ipso
736 3601 827 3671 templi
841 3601 972 3655 vestibulo
987 3601 1129 3670 spectaculi
1144 3597 1261 3670 pulchri·

159 3671 252 3724 tudine
269 3669 411 3733 attonitus,
428 3669 490 3722 fixis
508 3669 542 3722 ad
559 3687 613 3722 rem
631 3669 742 3723 oblatam
755 3671 851 3737 oculis,
887 3670 964 3724 ositis
980 3685 1028 3723 ceu
1044 3669 1176 3723 radicibus
1192 3684 1258 3738 prae

159 3747 268 3808 stupore
284 3743 388 3792 maneat
403 3739 535 3794 immotus.
570 3739 676 3808 Orpheo
693 3739 793 3792 Thraci
804 3689 910 3794 fanniae
924 3741 1008 3808 lyram
1023 3739 1171 3809 assignant,
1190 3753 1259 3806 quae

160 3809 220 3862 soni
239 3813 381 3864 vestutate
396 3825 440 3862 res
456 3807 582 3862 inanimes
599 3813 715 3862 moveat.
750 3808 844 3877 quodsi
861 3809 936 3862 nobie
953 3809 1094 3863 veritatem
1110 3809 1138 3862 in
1154 3805 1258 3860 fabulae

158 3879 305 3932 transferre
327 3887 407 3946 atque
429 3879 553 3948 figmento
574 3876 728 3950 stupendam
747 3879 861 3932 reddere
878 3879 920 3932 lae
936 3887 1022 3946 esset,
1051 3878 1147 3932 dixerit
1162 3873 1258 3944 aliquia

158 3965 205 4000 eoa
230 3948 276 4016 qui
298 3948 454 4002 vestibulum
477 3947 573 4004 adeant
593 3949 621 4001 in
642 3947 788 4019 plantamur
805 3949 979 4018 arborumque
996 3955 1116 4002 naturam
1131 3944 1256 3998 miraculo

159 4017 287 4137 attrslrlritoa
308 4017 468 4087 concedere:
494 4019 532 4072 ito
555 4018 598 4089 qui
620 4017 701 4072 semel
719 4017 833 4072 coniecit
848 4019 951 4088 oculos,
976 4035 1056 4088 aegre
1073 4035 1089 4070 a
1105 4013 1255 4085 spectaculo

158 4103 209 4138 ave
228 4086 293 4138 itur.

259 4155 401 4224 Postquam
425 4162 512 4210 autem
536 4155 596 4227 quis
620 4156 665 4210 vix
688 4155 751 4210 inde
773 4157 880 4210 evulsus
899 4158 927 4212 in
942 4156 1027 4224 ipsum
1045 4152 1179 4205 delubrum
1194 4168 1258 4220 pro-

157 4222 293 4294 spexerit,
325 4233 425 4296 quanto
455 4226 499 4280 ille
528 4226 624 4296 gaudio
650 4226 849 4298 perturbatione
874 4234 903 4281 et
926 4223 1099 4280 admiratione
1123 4221 1253 4292 repletur!
