2802 4636
166 273 216 356 ου
501 265 720 336 ououoms
746 265 934 334 commus

161 460 323 549 Ἀρκαδίαν
347 463 403 524 τοῦ
426 456 497 522 υίοδ
522 455 690 522 Θεοδοσίου
713 461 769 520 τοῦ
792 449 938 539 μεγάλου.
988 449 1139 534 ἐκόσμησε
1160 449 1196 516 δὲ
1218 446 1284 514 αὖ·

164 566 218 632 τὸν
242 563 295 628 διδ
320 562 463 630 ποικίλων
487 563 538 626 καλ
561 564 734 624 πολυτελῶν
756 565 874 644 μικρῶν
896 553 1004 622 κιάνων
1023 559 1073 624 καί
1090 549 1284 640 μαρμάρων.

167 661 256 745 οὗτος
287 666 320 730 δὲ
349 661 366 732 ὅ
396 661 479 742 οίκος
504 665 537 732 ἐκ
562 669 625 730 τῶν
652 659 771 730 δώδεκα
796 669 852 728 τοῦ
878 659 1012 746 μεγάλου
1040 658 1281 726 Κωνσταντίνου

165 769 309 857 δπήρχεν.
360 769 393 834 ἐν
419 760 445 857 ᾧ
472 769 523 834 καὶ
548 768 631 834 ἀετοὶ
654 769 766 831 λίθινοι
791 767 843 832 καλ
868 762 978 853 φιάλαι
1001 769 1052 830 καλ
1075 763 1200 846 βαθμοὶ
1224 762 1282 824 καὶ

167 877 268 960 βωμοὶ
295 869 478 960 τετράγωνοι
502 875 546 949 είς
571 868 776 955 διακόσμησιν
798 873 854 953 τῆς
879 866 995 947 πόλεως
1018 873 1159 936 ’ίστανται
1184 863 1308 950 μίχριδ

166 985 222 1063 τῆς
239 974 381 1062 σήμερον.

270 1097 411 1181 Πλησίον
438 1097 472 1161 δὲ
496 1099 552 1179 τῆς
576 1089 691 1178 ἁψῖδος
713 1097 769 1156 τοῦ
792 1091 896 1174 μιλίου
921 1087 1016 1174 στήλη
1042 1091 1123 1154 ἐστίν
1145 1086 1282 1175 ἴφιππος

171 1205 346 1288 Τραὶανοῦ,
381 1201 434 1266 καλ
466 1199 594 1283 πλησίον
624 1192 720 1262 uiros
746 1193 878 1284 ίφιπιιος
903 1193 998 1279 στήλη
1026 1193 1195 1260 Θεοδοσίου
1223 1195 1283 1256 τοῦ

168 1311 291 1393 μικροῦ.
788 1293 790 1300 ’

131 1438 156 1496 Ι)
271 1423 433 1512 Ἀρκαδίου
452 1421 486 1486 δὲ
501 1426 557 1486 τοῦ
572 1419 643 1486 vimi
662 1418 828 1484 Θεοδοσίου
838 1467 848 1497 ,
875 1419 925 1483 καί
946 1415 1125 1502 Ἀδριανοῦ,
1150 1415 1282 1499 πλησίον
1290 1426 1322 1478 10

170 1534 227 1614 τῆς
243 1526 357 1612 στήλης
375 1525 542 1591 Θεοδοσίου
560 1529 617 1589 τοῦ
634 1519 785 1608 μεγάλου,
804 1519 975 1610 ἀμφότεροι
990 1520 1115 1609 ἔφιπποι
1125 1521 1282 1597 λ’στανται,

172 1633 205 1699 ἓν
222 1642 286 1710 τοῖς
302 1637 359 1696 τοῦ
374 1627 491 1719 ταάρου
507 1627 613 1716 μίρεσι
629 1627 757 1710 πλησίον
774 1631 830 1692 τοῦ
847 1629 947 1704 κίονος
963 1621 1114 1691 κάτωθεν.

271 1747 321 1817 Ἡ
341 1749 374 1816 δέ
397 1751 428 1816 ἓν
450 1755 494 1838 τῷ
512 1749 674 1837 Ζευξίππην
692 1751 812 1838 λουτρῷ
827 1745 972 1832 ἱσταμένη
989 1741 1085 1830 στήλη
1103 1746 1136 1810 ἐκ
1149 1739 1284 1834 χρωμά-

173 1879 233 1924 των
253 1855 439 1920 Θιλιιιπικοῦ
456 1855 518 1920 ἔστί
535 1859 590 1918 τοῦ
607 1847 793 1939 πραοτάτου.

273 1970 322 2040 Ἡ
331 1973 485 2060 ,λεγομίνη
507 1971 651 2056 βασιλικὴ
674 1973 832 2059 κινστίρνα
856 1971 983 2054 ἐκτίσθη
998 1965 1057 2034 ὑπὸ
1075 1973 1132 2034 τοῦ
1146 1963 1281 2052 μεγάλου
1290 1975 1323 2027 15

175 2079 421 2146 Κωνσταντίνου.
471 2073 492 2162 ή
520 2077 554 2142 δὲ
579 2076 768 2160 καθεζομένη
786 2077 833 2140 ou*
851 2079 907 2142 τοῦ
924 2073 1035 2161 δίφρου
1055 2073 1148 2139 ἐκεῖσε
1165 2066 1282 2156 μεγάλη

177 2179 274 2265 στήλη
293 2182 356 2244 lovi
372 2185 429 2244 τοῦ
441 2181 640 2260 Σολομῶνος,
658 2179 697 2262 ἣν
715 2175 731 2244 ὅ
747 2180 843 2262 με’γας
856 2176 1068 2253 Ἰουστινιανδς
1084 2173 1283 2256 άνεστήλωοε,

176 2287 362 2374 κρατοῦντος
388 2281 444 2365 τήν
466 2279 595 2366 σιαγόνα
619 2280 790 2346 αὐτοῦκαὶ
814 2277 948 2366 ὁρῶντος
970 2279 1027 2364 τήν
1050 2277 1137 2366 άγίαν
1153 2279 1283 2364 Σοφίαν,

247 2459 264 2515 5
282 2450 426 2528 ίστάμεναι
442 2459 476 2512 C.
609 2457 626 2514 7
643 2477 670 2530 p.
691 2455 725 2512 12
741 2457 825 2512 Βοιαὶ.
956 2459 990 2512 10
1007 2476 1035 2528 p.
1052 2457 1087 2512 36
1104 2464 1132 2511 et
1148 2457 1183 2513 90
1199 2455 1282 2512 Band.

247 2529 367 2599 πλησίου
394 2524 427 2582 ut
454 2527 505 2596 τῆς
532 2527 636 2596 στήλης
666 2527 820 2582 Θεοδοσίου
848 2527 901 2580 τοῦ
925 2523 1045 2598 μεγάλου
1068 2521 1211 2596 Ἅρκοιδίου
1235 2522 1283 2578 κοιλ

252 2597 406 2652 Θεοδοσίου
423 2597 476 2651 τοῦ
494 2593 560 2650 υίοῦ
576 2593 665 2650 αὐτοῦ
680 2597 728 2650 κοιλ
744 2591 888 2663 Ἀδριοινοῦ
904 2591 942 2663 άμ
1175 2598 1208 2650 11
1233 2588 1281 2662 ἐφ’

247 2667 345 2728 ἵπποις
360 2667 400 2734 F,
426 2667 522 2720 additis
539 2667 597 2720 hist
618 2661 664 2720 ὅτε
682 2663 731 2718 κοιλ
747 2663 886 2736 σιτηρέσιοι
903 2597 1121 2752 ίδάδφῖίολλά,
1141 2657 1283 2730 ἐξαιρέτως

249 2733 282 2790 δὲ
300 2737 341 2805 spi
357 2735 500 2801 κερατίνων
514 2731 606 2804 μέρει,
630 2730 783 2804 κράζοντας
798 2735 849 2788 τοῦ
866 2731 958 2804 δήμου
975 2729 1011 2790 ’ὁ
1029 2731 1113 2806 γάνος
1132 2733 1282 2790 Θεοδοσίου

248 2807 463 2860 Κωνσταντῖνον
481 2797 636 2874 iocantes?
725 2803 760 2860 13
776 2824 803 2875 p.
823 2803 857 2857 36
875 2804 959 2858 Band.
1050 2807 1083 2858 15
1102 2824 1129 2876 p.
1149 2805 1185 2860 49
1201 2803 1281 2856 Band.

248 2870 418 2999 p‘iapoue'vp
437 2869 534 2962 -JJJ
560 2867 693 2942 πλακωτή
717 2868 845 2960 Quotiens}
869 2871 1015 2936 κινστὲρνα
1038 2869 1218 2956 μαλαιξτσιρέα
1234 2862 1281 2956 ᾖν,

270 2963 299 2999 τε
316 2943 436 3008 ἐκτίζετο
454 2963 472 3013 η
491 2943 559 3066 σφίσι
577 2941 683 3025 Σοφία.
712 2959 843 3003 ωσυυτιος
859 2940 907 3026 uui
924 2940 942 3012 ή
962 2939 1077 2997 άυοοθεν
1094 2944 1180 3012 οιυτῆς
1196 2959 1282 3010 στεγη,

248 3009 479 3152 φηῌφφρλρρκάρφ
487 3012 707 3152 ἅγρριραὲρρφγαιγ,
733 3009 783 3136 ιὲυιλ
802 3007 874 3082 αὕτη
892 3008 1073 3084 μαλακταράοι
1090 3005 1221 3083 ἐτύγχανε
1235 3011 1284 3066 τοῦ

182 3234 252 3290 dosii
281 3233 368 3305 magni
394 3233 460 3288 filio.
504 3233 642 3287 exornavit
667 3239 754 3293 autem
777 3234 856 3289 istam
880 3234 983 3288 domum
1005 3235 1086 3288 variis
1111 3235 1284 3306 pretiosisque

183 3303 309 3358 columnis
328 3311 357 3356 et
372 3302 554 3357 marmoribus.
588 3303 654 3356 haeo
670 3319 723 3358 una
740 3311 799 3358 orat
814 3321 847 3358 ex
862 3305 998 3358 duodecim
1011 3305 1063 3358 illie
1077 3323 1142 3375 ques
1156 3303 1284 3357 exstruxit

183 3373 371 3427 Constantinus
399 3389 521 3440 magnum
550 3390 632 3442 quare
657 3373 736 3428 etiam
759 3391 844 3443 usque
870 3375 904 3426 ad
927 3383 1018 3427 nostre
1042 3382 1162 3445 tempora
1186 3373 1284 3444 aquilae
1376 3381 1377 3384 ’

181 3443 301 3566 Ιρφίδοοο
325 3449 354 3496 ot
376 3442 480 3512 phialae
507 3449 536 3494 et
557 3443 655 3512 gradus
679 3451 708 3496 et
729 3459 793 3498 arae
814 3443 960 3514 quadratae
976 3461 1025 3516 pro
1043 3452 1196 3498 ornamento
1214 3445 1284 3497 urbis

181 3513 390 3582 iusupereunt.

285 3595 364 3666 Apud
381 3613 469 3652 arcum
486 3596 593 3650 miliarii
610 3599 699 3651 statua
716 3605 758 3652 est
774 3599 905 3669 equestris
922 3599 1051 3670 Traiani,
1077 3605 1106 3654 et
1121 3616 1208 3672 prope
1223 3599 1284 3652 hauo
1376 3599 1377 3654 i

183 3667 236 3722 alia
253 3667 385 3736 equestris
402 3667 549 3723 Theodosii
565 3667 687 3721 iunioris.

286 3752 394 3808 Arcadii
417 3759 504 3810 autem
525 3753 575 3807 filii
596 3753 742 3808 Theodosii
768 3759 795 3808 et
817 3753 948 3809 Hadriani
966 3761 1070 3810 statuae
1087 3761 1225 3828 equestres
1240 3773 1284 3826 po·

183 3823 253 3878 sitae
277 3829 340 3878 sunt
363 3823 438 3878 iuxta
462 3829 575 3878 statuam
599 3823 743 3882 Theodosii
766 3823 868 3895 magui,
897 3825 925 3880 in
949 3825 1058 3896 regione
1079 3827 1180 3894 Tauri,
1207 3842 1284 3898 prope

183 3893 343 3962 columnam,
366 3894 395 3948 iu
411 3901 487 3966 parte
503 3891 636 3948 inferiori.

289 3981 385 4034 Statua
402 3981 519 4036 colorata
534 3981 564 4036 iu
580 3979 688 4034 thermis
704 3978 842 4052 Zeuxippi
858 3981 948 4051 posita
961 3981 1105 4054 Philippici
1115 3986 1157 4036 est
1166 3979 1284 4052 principis

184 4051 397 4106 mansuetissimi.

288 4139 412 4192 cisterno
436 4136 545 4192 basilica
568 4153 584 4188 a
607 4134 781 4189 Constantino
805 4151 899 4206 magno
923 4136 1028 4190 condita
1051 4143 1102 4190 est.
1137 4149 1284 4204 quaesere

184 4202 225 4256 ibi
250 4207 344 4262 visitur
365 4226 460 4278 magua
482 4213 570 4258 statua
591 4204 618 4256 iu
641 4205 708 4258 solio
732 4204 842 4273 sedens,
868 4204 1090 4269 summouisset,
1116 4211 1193 4274 qu'aru
1212 4203 1283 4257 Iusti-

186 4271 280 4330 uiauua
297 4295 406 4348 magnus
423 4275 524 4344 erexit,
546 4275 675 4330 maxillam
693 4291 770 4330 mauu
786 4275 960 4332 sustentantis
977 4283 1006 4330 et
1021 4276 1053 4330 8.
1070 4275 1199 4346 Sophiam
1214 4274 1285 4329 edui-
