2802 4636
121 319 146 388 6
460 310 679 380 GEORGIUS
707 311 896 380 CODINUS

119 532 171 583 νος
194 505 228 570 δέ
250 503 300 570 καί
322 501 529 582 Ἀπόλλωνος,
556 497 600 580 ὦς
622 501 716 590 φασί,
744 498 969 590 συνεργούντων
986 498 1177 590 ἀνῳκοδόμει
1195 502 1235 566 τό

119 612 219 694 τείχη,
252 604 343 692 λόγου
371 634 402 674 τε
427 607 540 684 παντὸς
562 609 719 694 κρείττονα
741 603 970 690 μηχανώμενος.
1021 604 1094 682 τοδς
1117 607 1178 692 γάρ
1203 609 1236 672 έν

121 713 200 799 αὐτῇ
217 709 351 797 πύργους
368 709 444 777 ἓπτδι
461 711 552 788 όντας
571 711 837 798 ἀντιφθέγγεσδαί
850 736 882 777 τε
900 713 951 776 καὶ
964 713 1078 794 διηχεΐν
1091 710 1236 793 ἀλλήλοις

120 815 321 902 συνήρμοζεν·
349 815 380 881 εί
398 840 470 882 ποτε
490 817 549 904 γάρ
568 814 699 899 σάλπιγξ
715 813 735 898 ἢ
754 813 841 903 φωνή
859 841 905 893 τις
922 813 1011 902 ἑτέρα
1027 817 1091 892 τοίς
1108 813 1236 902 πύργοις

119 922 265 1010 ἐπεφοίτα
275 968 285 999 ,
312 921 413 1007 έτερος
430 921 463 997 ἐξ
480 917 583 1008 ἑτέρου
600 921 654 985 τδν
671 911 747 1002 ἦχον
764 921 923 1002 μετεδίδου
932 967 942 998 ,
968 921 1019 984 καὶ
1043 925 1088 1006 τῷ
1105 919 1183 1007 πρὸς
1198 919 1263 989 alb
1344 931 1346 936 '

119 1027 216 1112 πέρας
232 1025 357 1113 κειμένῳ
375 1025 582 1110 παρέπεμπον.
635 1023 715 1088 ἀλλά
732 1024 795 1107 μὴν
813 1027 864 1090 καλ
891 1023 967 1089 ἀλλο
993 1049 1023 1089 τι
1047 1033 1112 1100 τοῖς
1137 1029 1238 1089 ταῦτα

50 1126 340 1214 Ρδσυγγράιγασιν
366 1129 522 1216 εἰρημένον
549 1128 586 1194 οὗ
613 1131 864 1214 παραλείψομεν·
888 1129 942 1194 τὸν
968 1125 1239 1214 γάρἮρακλέους

121 1232 237 1322 πύργον
256 1231 418 1315 ἱστάμενον
437 1231 521 1310 ἐντὸς
536 1238 593 1298 τού
609 1234 726 1316 τείχους
743 1233 781 1297 ui
799 1239 861 1298 τῶν
875 1234 1027 1315 πολεμίων
1039 1229 1238 1314 μεταδιδόναι

121 1336 278 1425 μυστήρια
305 1335 394 1423 λόγος
418 1329 465 1421 ἦν.
516 1336 595 1419 μετά
622 1338 655 1401 δέ
678 1335 734 1419 τὴν
750 1344 806 1402 τοῦ
823 1339 941 1420 τείχους
959 1334 1113 1424 στεφάνην
1130 1338 1180 1401 καὶ
1198 1335 1236 1400 τά

120 1443 228 1526 τεμένη
247 1448 308 1508 τῶν
323 1447 407 1508 θεῶν
424 1439 630 1528 ἀπειργάζετο.
677 1437 764 1517 Ῥέας
780 1442 836 1524 μέν
852 1442 931 1506 κατά
956 1441 1011 1506 τὸν
1035 1447 1091 1523 τῆς
1112 1447 1237 1523 βασιλι-
1246 1453 1283 1508 10

122 1553 179 1630 κῆς
207 1543 366 1631 λεγόμενον
391 1544 485 1610 τόπον
508 1543 583 1611 νεών
609 1569 640 1609 τε
667 1547 719 1609 καὶ
743 1543 870 1629 άγαλμα
894 1543 1127 1631 καθιδρύσατο,
1163 1543 1238 1631 ὅπερ

124 1647 262 1732 Τύχαιον
284 1661 348 1726 τοῖς
366 1651 503 1726 πολίταις
526 1652 684 1732 τετίμητο,
736 1652 934 1726 Ποσειδῶνος
960 1651 994 1714 δὲ
1016 1650 1139 1731 τέμενος
1162 1648 1241 1734 πρὸς

123 1760 163 1840 τῇ
182 1750 328 1841 θαλάσση
356 1751 527 1839 ἀνήγειρεν,
554 1753 634 1819 ένδα
650 1760 705 1819 νῦν
733 1750 749 1817 ὃ
774 1759 830 1819 τού
856 1755 1014 1839 μάρτυρος
1031 1757 1132 1838 Μηνοῖ
1157 1751 1241 1830 οίκος

125 1855 379 1942 διακεκόσμηται,
399 1855 531 1942 Ἑκάτης
549 1859 583 1924 δέ
600 1857 680 1924 κατὰ
697 1857 750 1922 τόν
767 1865 821 1924 νῦν
839 1865 895 1923 τού
913 1858 1117 1944 ἱπποδρομίαν
1134 1856 1240 1935 τόπον,

123 1968 185 2027 τῶν
210 1963 245 2027 δέ
263 1959 464 2051 Διοσκούρων
488 1959 654 2050 Κάστορός
677 1989 710 2028 τε
739 1965 790 2027 καί
814 1959 1033 2038 Πολυδεύκους
1059 1965 1091 2027 ἓν
1115 1969 1154 2049 τῇ
1179 1967 1283 2027 τῶν15

113 2073 272 2148 ἱποταμοῖν
289 2067 388 2148 μίξει,
414 2069 446 2132 έν
462 2059 484 2154 ᾗ
501 2069 552 2132 καὶ
570 2065 659 2144 λύσις
674 2073 736 2132 τῶν
753 2073 867 2133 παθῶν
886 2076 950 2144 τοῖς
974 2063 1154 2153 ἀνθρώποις
1179 2067 1242 2150 ἐγί-

124 2195 203 2235 νετο.
254 2171 342 2254 έγγδς
369 2172 404 2234 δέ
434 2177 490 2234 rori
521 2173 710 2251 καλουμένου
738 2173 930 2256 Στρατηγίον
957 2168 1095 2247 Αίαντός
1126 2195 1158 2236 τε
1190 2171 1243 2235 καὶ

121 2272 281 2356 Ἀχιλλέως
296 2271 424 2354 βωμούς
440 2271 607 2355 ἀνέθηκεν,
626 2272 704 2337 ἔνθα
722 2276 775 2337 καὶ
792 2279 847 2337 νῦν
865 2274 900 2338 τὸ
919 2275 976 2338 τού
988 2274 1147 2357 Ἀχιλλέως
1162 2299 1243 2360 χρη-

87 2378 244 2459 Βματίζει
272 2373 411 2461 λουτρόν.
458 2373 636 2462 Ἀμφιάρεω
664 2377 698 2440 δέ
724 2383 781 2442 τοῦ
808 2377 911 2462 ἱερέως
935 2379 967 2443 ἓν
984 2388 1052 2456 ταῖς
1068 2379 1244 2464 λεγομέναις

128 2483 243 2556 Συκαίς
260 2477 439 2568 ᾠκοδόμησε
462 2477 555 2558 ναόν,
582 2479 620 2544 ἀί
638 2480 694 2562 τὴν
717 2482 892 2564 ἐπωνυμίαν
917 2483 950 2547 ἐκ
974 2489 1036 2548 τῶν
1059 2481 1286 2570 συκοφόρωννο

129 2586 264 2671 δένδρων
293 2585 444 2662 ἐδέξαντο.
496 2584 638 2672 ἀνωτέρω
661 2585 695 2649 δέ
719 2593 775 2650 τοῦ
791 2587 990 2664 Ποσειδῶνος
1017 2587 1100 2674 ἱεροῦ
1124 2587 1159 2652 τὸ
1189 2593 1245 2670 τῆς

124 2689 308 2775 Ἀφροδίτης
331 2685 588 2774 προσαγορεύεται
615 2689 756 2772 τέμενος,
778 2689 956 2776 Ἀρτέμιδος
985 2691 1019 2755 δέ
1045 2693 1245 2774 καὶἈθηνᾶς

128 2793 205 2880 πρός
222 2792 257 2859 τό
275 2800 331 2878 τῆς
343 2793 525 2882 Ἀφροδίτης
542 2791 625 2880 όρος.

198 2955 216 3010 8
235 2949 382 3026 ίστοίμενον
396 2948 486 3024 loric]
507 2961 567 3018 τοῖς
584 2951 662 3018 έντδς
679 2944 742 3010 aba
761 2957 827 3010 Hes.
914 2957 932 3012 9
951 2944 1098 3024 tripertio]
1116 2951 1243 3024 λέγουσιν

197 3027 265 3081 Hes.
405 3027 439 3079 12
468 3023 591 3096 Τύχαιον
612 3027 678 3078 Hes.
702 3025 819 3094 τείχειον
842 3025 932 3095 vulgo.
1071 3045 1101 3080 τε
1119 3027 1191 3098 apud
1208 3027 1243 3079 1..

201 3097 236 3152 19
251 3091 345 3172 ἥρωος
361 3096 427 3150 Hes.
533 3097 569 3152 23
585 3091 755 3163 Ἀφροδίτης]
774 3090 887 3166 δράκης
903 3096 970 3150 Ηεε.

132 3231 318 3287 adiuvantibus
335 3233 438 3287 moenia
454 3235 525 3286 omni
540 3233 739 3303 praedicatione
755 3233 946 3288 excellentiora
966 3234 1108 3287 exstruxit.
1143 3239 1245 3302 septem

132 3304 200 3356 enim
209 3311 296 3356 turres
308 3304 348 3356 ita
357 3304 493 3374 coaptavit
507 3313 536 3356 ut
549 3304 621 3372 loqui
633 3303 705 3354 inter
716 3321 746 3356 se
759 3311 786 3356 at
796 3319 956 3376 responsare
964 3303 1133 3357 viderentur:
1146 3305 1245 3373 quippe

133 3373 156 3425 si
173 3375 254 3426 tubae
271 3379 317 3425 aut
333 3373 400 3427 alius
414 3373 509 3442 aliquia
528 3389 606 3426 sonus
624 3381 713 3425 turrea
731 3373 789 3427 illas
806 3379 972 3444 percuteret,
1003 3375 1086 3426 altera
1105 3375 1183 3426 alteri
1201 3381 1246 3426 so-

133 3459 194 3496 num
215 3444 247 3495 ad
272 3443 387 3496 ultimam
412 3460 497 3513 usque
519 3443 744 3496 transmittebant.
779 3453 822 3496 eat
851 3451 879 3496 et
907 3444 975 3496 aliud
1000 3444 1072 3514 quod
1096 3445 1129 3495 ab
1154 3445 1246 3496 harum

133 3529 219 3564 rerum
243 3513 416 3581 scriptoribus
441 3513 581 3566 memoriae
607 3513 741 3582 proditum
765 3514 870 3566 minime
894 3514 1000 3566 silentio
1025 3513 1247 3583 praeteribimus:

133 3582 227 3634 turrim
244 3582 362 3649 scilicet,
386 3600 455 3653 quae
473 3583 596 3636 Herculis
614 3591 790 3652 nuncupatur,
818 3584 934 3636 hostium
952 3601 1048 3637 arcana
1064 3583 1170 3634 civibus
1204 3601 1247 3634 ro-

134 3651 198 3703 dere
224 3653 328 3705 solitam
351 3659 471 3706 narrant.
505 3654 627 3706 absoluto
651 3653 718 3704 muri
741 3655 841 3706 ambitu
858 3653 967 3706 delubra
986 3669 1091 3722 quoque
1111 3605 1246 3716 coudlrlit3

134 3729 164 3774 et
179 3720 271 3774 Rheae
294 3723 399 3791 quidem
422 3722 545 3794 templum
572 3731 600 3775 et
622 3723 787 3775 simulacrum
812 3723 840 3774 in
865 3723 922 3775 loco
945 3731 1098 3791 nuncupato
1115 3723 1247 3774 Basilicae

134 3791 237 3856 erexit,
268 3793 337 3860 quod
362 3793 440 3846 etiarn
462 3803 494 3847 ut
511 3795 646 3847 Fortunae
669 3794 758 3845 fanum
783 3811 799 3845 a
823 3792 927 3845 civibus
945 3794 1090 3845 colebatur.
1126 3791 1250 3861 Neptuni

135 3877 241 3930 quoque
264 3862 387 3932 templum
404 3865 480 3916 iuxta
496 3881 567 3917 mare
585 3863 731 3929 exstruxit,
762 3861 807 3914 ubi
824 3879 892 3915 nunc
910 3861 1007 3915 Menae
1023 3863 1151 3931 martyris
1168 3862 1248 3914 aedes

135 3937 191 3994 est;
213 3931 330 3983 Hecates
349 3939 450 4000 autern,
475 3935 521 3987 ubi
537 3934 750 4004 Hippodromus,
767 3932 954 3986 Dioscurorum
973 3932 1096 3986 castoria
1115 3939 1144 3983 et
1159 3931 1249 3984 Pollu-

135 4000 173 4052 cis
192 4001 226 4052 ad
243 4000 375 4053 fluminum
394 4003 572 4069 confluentes,
601 4005 629 4056 in
646 4019 697 4072 quo
717 4001 794 4055 etiam
817 4003 949 4056 amorbia
965 4001 1083 4055 homines
1100 4002 1250 4054 liberaban-

134 4077 189 4124 tur.
231 4087 316 4140 prope
339 4070 501 4141 Strategium
527 4073 603 4126 Aiaci
628 4079 657 4125 et
682 4072 775 4124 Achilli
800 4087 859 4124 aras
883 4072 985 4136 erexit,
1023 4072 1070 4124 ubi
1100 4072 1249 4124 etiamnunc

133 4139 252 4192 thermae
278 4151 449 4209 cognomento
467 4143 599 4195 Achilleae
626 4149 697 4196 sunt.
750 4149 872 4194 raeterea
888 4143 1046 4212 Amphiarao
1072 4141 1128 4192 vati
1151 4141 1177 4194 in
1203 4155 1249 4192 re-

134 4207 213 4278 gione
231 4209 367 4278 Sycaena,
386 4228 454 4282 quaa
472 4213 606 4266 alicubus
627 4227 720 4264 nomen
732 4161 832 4276 ¹labet,
850 4208 942 4265 aedem
959 4211 1109 4275 dedicavit3
1128 4216 1156 4262 et
1172 4207 1249 4262 aliam

136 4278 235 4400 tZenep'
251 4282 329 4364 paulo
348 4299 430 4354 supra
446 4283 567 4354 Neptuni
582 4284 684 4348 fanum,
712 4281 815 4334 Dianae
833 4297 899 4334 vero
917 4287 946 4334 et
962 4279 1104 4334 Minervae
1123 4281 1158 4334 ad
1175 4295 1249 4332 mou-

165 4363 189 4400 m
232 4365 329 4405 enema.
