2808 4616
184 249 258 322 178
526 241 702 308 INCERTI
727 237 942 306 AUCTOlilS

182 439 273 526 φίλου
297 434 348 500 καί
370 427 387 496 ὅ
411 425 638 520 διακρινόμενος
656 425 870 515 ἀκριβέστερον
886 425 1047 510 μέμνηται.
1099 428 1197 488 ταῦτα
1214 424 1293 490 Ἰου-

182 539 285 618 λιανός
311 533 503 620 θεασάμενος
529 530 661 600 ἐπείθετο
689 533 724 598 τὸ
751 528 937 616 μυστήριον,
977 529 1028 594 καί
1054 526 1170 610 μαθὼν
1191 529 1294 612 Ἰησοῦ

182 643 257 712 εἶναι
272 643 326 710 τὸν
344 638 510 730 ἀνδριάντα
523 639 713 704 κατέκλασεν.
766 631 912 712 ὡσαύτως
930 631 963 698 δέ
980 632 1032 696 καί
1048 636 1105 714 τῆς
1117 635 1293 718 Βερονίκης,

182 746 224 826 ὡς
247 744 263 812 ὃ
290 741 519 833 διακρινόμενος
534 743 684 828 μέμνηται
701 745 864 805 καλεῖσθαι
881 737 937 822 τήν
954 736 1193 822 αἳμορροοῦσαν.
1244 743 1294 802 καὶ

181 853 216 919 τό
242 849 340 940 φυτόν
358 849 391 914 δέ
409 848 593 927 κατέκαυσε,
619 848 670 912 καὶ
687 843 765 920 Διός
783 843 910 908 εἴδωλον
928 843 980 906 καὶ
1000 841 1184 927 Ἀφροδίτης
1201 841 1233 904 ἓν
1250 849 1318 930 rtis

181 953 266 1043 τόπῳ
287 953 493 1030 ἀνατεθεικώς
509 954 560 1017 καὶ
577 949 706 1016 ἑαυτοῦ·
732 950 763 1013 ἐν
782 943 829 1024 οἷς
845 949 896 1011 καί
913 945 986 1010 ναόν
1004 940 1208 1028 οἶκοδομήσας
1224 946 1296 1010 έπέ-

95 1074 117 1126 Ρ
134 1075 168 1135 97
184 1075 287 1148 ypatus
309 1055 406 1123 “solda
428 1063 495 1146 θεῷ
512 1050 777 1136 Δι’ίπαντεπόπτῃ
791 1049 957 1126 Ἰουλιανός
972 1044 1116 1114 Πανεάδι
1134 1051 1174 1126 είς
1192 1052 1297 1135 δῶρον
1383 1105 1384 1142 5

183 1161 293 1250 ἀγες·”
321 1159 399 1228 ένθα
415 1163 467 1226 καί
483 1155 670 1248 Μαρτάριος
687 1157 847 1232 ἐπίσκοπος
864 1151 964 1220 πολλὰ
980 1148 1185 1235 ἐξουθενήσας
1203 1153 1296 1218 αάτὸυ

184 1264 258 1352 ίιιάη
274 1267 401 1350 πλησίον
418 1271 475 1332 τοῦ
491 1269 567 1330 suoi
574 1311 585 1342 ,
612 1259 654 1340 ὡς
670 1259 790 1346 ἔλεγον,
817 1263 859 1335 είς
875 1259 991 1324 θυσίαν
1007 1262 1104 1334 θεοῖς.
1383 1293 1384 1306 ι

283 1370 450 1436 ’lustraret
474 1365 704 1452 βασιλεύοντος,
739 1366 809 1450 πρίν
834 1361 855 1446 ἢ
880 1361 935 1446 τὴν
954 1357 1075 1444 Ῥιάμην
1100 1364 1291 1441 καταλαβεῖν,
1302 1379 1337 1432 10
1383 1389 1384 1394 ¹

147 1485 169 1540 B
187 1470 301 1559 στήλην
326 1475 357 1540 έν
381 1475 540 1562 Βυζαντίῳ
564 1467 674 1538 τούτου
696 1469 864 1552 ἀνέστησαν
881 1469 913 1532 έν
930 1473 994 1542 τοῖς
1012 1466 1295 1530 Κωυσταντινιαυοῢ

186 1575 339 1662 ἐμβόλοις.
390 1580 441 1642 καί
467 1574 483 1642 ὃ
510 1571 720 1663 στρατηλάτης
744 1573 777 1638 δὲ
801 1567 1002 1657 Δημόφιλος,
1032 1569 1151 1654 χαίρων
1175 1573 1214 1654 τῇ
1235 1572 1296 1632 τῶν

186 1678 319 1748 εἰδώλων
343 1683 511 1772 θρησκείᾳ,
541 1683 573 1745 ἒν
597 1681 748 1765 πορφυρῷ
772 1677 848 1742 κίονι
869 1670 983 1758 ταύτην
1000 1673 1147 1754 ἀνέθηκε,
1179 1668 1298 1756 ιιμέγας

186 1783 337 1869 θεοσεβὴς
372 1781 518 1870 ἀπάρχου
547 1777 745 1858 Ἰουλιανός.”
801 1779 853 1844 διὰ
882 1783 972 1843 τοῦτο
979 1823 990 1855 ,
1024 1773 1044 1860 ἢ
1068 1773 1160 1859 μόνον
1186 1775 1297 1856 ἐβασί-

186 1894 308 1970 λευσεν,
343 1891 394 1952 καὶ
427 1890 458 1954 έν
487 1883 589 1974 Ῥώμῃ
621 1887 671 1952 καί
703 1885 734 1948 έν
758 1882 923 1971 Ἀντιοχείᾳ
950 1877 1066 1956 εἰκόνας
1090 1878 1172 1967 αὐτῷ
1199 1877 1232 1942 ἴν
1258 1903 1294 1943 τε
1303 1899 1338 1952 15

186 1994 288 2060 σανίσι
316 1993 368 2056 καὶ
391 1989 647 2078 χαλκουργήμασι
670 1989 822 2074 μεγίστοις
848 1985 986 2051 ἀνέθετο.

151 2104 175 2160 0
293 2098 326 2158 Γ
322 2096 465 2182 ρατιανὸς
479 2096 557 2178 μετὰ
573 2093 607 2159 τό
624 2099 719 2178 χῆμαι
736 2093 767 2156 έν
779 2088 881 2176 Ῥώμῃ
898 2088 1074 2176 παρεγένετο
1081 2133 1091 2164 ,
1116 2085 1167 2150 καὶ
1186 2080 1298 2150 ἑαυτὸν

187 2201 239 2263 καλ
262 2197 319 2282 τὴν
345 2199 479 2282 γαμετὴν
503 2201 534 2264 ἓν
558 2197 705 2286 ἀργυραῖς
722 2193 848 2279 στήλαις
865 2197 908 2270 είς
924 2192 1000 2258 ἀλλο
1018 2191 1125 2274 θέαμα
1141 2195 1179 2276 τῇ
1191 2185 1297 2275 Ῥιόμη

186 2299 368 2388 προέθηκεν.
422 2357 424 2360 .

294 2403 545 2468 Οὐαλεντινιανοῦ
571 2405 626 2466 τοῦ
652 2393 800 2487 νεωτέρου
827 2399 859 2463 ἓν
885 2409 949 2476 τοῖς
972 2398 1126 2464 Λεοντίου
1152 2391 1336 2480 ἓμβόλοιςυο

186 2506 302 2594 ὑπῆρχε
328 2503 424 2589 στήλη
449 2501 645 2588 θαυμάσιος,
678 2503 756 2568 ένθα
783 2501 894 2586 Ζήνων
920 2502 976 2580 τοὶς
1002 2501 1134 2586 έποψίας
1157 2502 1298 2566 έποιεΐτο.

188 2607 298 2696 Ζήνων
326 2609 579 2674 Οὐαλεντιιιανοῦ
602 2607 657 2690 τήν
681 2604 794 2691 στήλην
817 2605 1024 2688 θεασάμενος,
1056 2605 1176 2690 ἀτυχεῖν
1201 2605 1297 2694 ἔφησε

149 2729 173 2783 D
191 2714 263 2792 τοὺς
278 2711 322 2798 μή
340 2709 450 2780 είκόσιν
467 2714 509 2789 είς
524 2709 646 2796 μνήμην
662 2716 864 2798 καθορᾶσθαι
883 2713 1054 2798 Καίσαρος.

186 3012 340 3082 diligentius
371 3013 505 3063 memorat.
548 3008 613 3060 baec
646 3014 677 3060 ut
707 3005 775 3059 vidit
804 3006 921 3062 Iulianus
949 3009 1102 3076 mysterium
1131 3009 1297 3078 sciscitatur,

186 3089 268 3148 utque
292 3079 382 3132 didicit
406 3096 465 3132 essa
488 3079 549 3130 Iesu
573 3082 701 3142 statuam,
735 3079 867 3145 confregit
889 3078 973 3142 illam;
1004 3078 1124 3132 similiter
1145 3081 1297 3134 veronicae

185 3143 420 3213 (haemorroissam
444 3147 484 3200 sic
507 3151 629 3198 vocatam
652 3145 743 3216 prodit
766 3147 835 3200 idern
860 3147 1026 3215 haesitans)=
1058 3147 1174 3218 plantam
1204 3157 1297 3202 autem

184 3219 256 3271 illam
277 3218 335 3285 igni
356 3215 484 3284 tradidit,
509 3219 650 3282 erectoque
672 3215 767 3268 ibidem
785 3215 858 3269 Iovis
875 3223 904 3269 et
920 3217 1203 3285 Veneris'simnlacro,
1229 3235 1297 3270 nec-

185 3303 239 3338 non
264 3289 305 3340 sui
327 3287 425 3356 ipsius,
452 3285 575 3354 templum
600 3283 678 3336 etiam
704 3301 760 3338 cum
786 3287 835 3338 hac
859 3284 1033 3356 inscriptione
1057 3287 1186 3341 excitavit
1207 3279 1298 3340 “baec

185 3357 235 3407 deo
259 3355 319 3408 Iovi
344 3357 455 3408 omnium
478 3353 622 3424 inspectori
646 3353 764 3408 Iulianus
787 3355 903 3408 Paneadi
926 3356 993 3408 dono
1016 3350 1120 3408 dedit.'’
1155 3357 1194 3410 ibi
1211 3357 1297 3410 etiam

182 3423 332 3492 Martyrius
358 3425 497 3495 episcopus
520 3424 601 3476 multa
622 3439 670 3492 per
692 3431 869 3494 contemptum
892 3425 921 3478 in
945 3443 1002 3479 snm
1026 3427 1144 3493 locutus,
1172 3426 1296 3498 proxima

182 3494 305 3562 templum
321 3493 430 3546 flammis
447 3491 561 3544 traditus
578 3498 675 3562 atque,
694 3499 724 3546 ut
740 3495 861 3559 aiebant,
878 3494 930 3546 diis
947 3495 1093 3550 immolatus
1110 3501 1161 3550 est.

286 3563 382 3616 Iuliani
406 3561 588 3631 imperatoris,
613 3568 752 3630 antequam
776 3563 885 3616 Romam
907 3569 1078 3636 occupasset,
1105 3571 1220 3618 statuam
1238 3563 1297 3632 By-

182 3630 266 3686 zantii
290 3632 324 3685 ad
348 3631 516 3686 Constantini
540 3631 593 3684 lori
614 3633 733 3701 porticus
757 3634 932 3702 collocarunt,
958 3652 1036 3704 quam
1051 3635 1220 3706 Demophilus
1238 3635 1298 3688 dux

182 3699 328 3770 exercitus,
352 3701 480 3755 idolorum
504 3700 587 3753 cultus
610 3701 834 3771 studiosissimus,
861 3703 994 3757 columnae
1010 3705 1216 3776 porphyreticae
1233 3721 1297 3757 cum

179 3771 229 3823 boc
245 3770 323 3822 titulo
341 3770 466 3840 imposuit
488 3763 618 3840 “magnus
636 3779 664 3824 et
680 3773 820 3842 religiosus
838 3769 987 3827 Iulianus.''
1021 3775 1081 3828 ideo
1099 3775 1191 3826 statim
1208 3779 1297 3843 atque

178 3839 315 3910 imperium
337 3839 436 3894 Romae
453 3843 481 3892 et
498 3840 652 3894 Antiochiae
668 3843 779 3912 adeptus
797 3847 855 3910 est,
877 3842 904 3894 in
921 3844 1018 3896 tabulis
1035 3861 1196 3916 magnaeque
1213 3843 1297 3896 molis
1383 3851 1384 3856 ’

178 3910 269 3964 aeneis
288 3909 413 3978 operibus
429 3909 556 3977 imagines
573 3911 629 3964 eius
648 3911 803 3965 collocabat.

283 3979 429 4032 Gratianus
452 3986 590 4048 postquam
612 3997 719 4034 uxorem
742 3982 855 4034 duxerat
874 3981 981 4034 Romam
1000 3981 1089 4050 venit,
1116 4001 1147 4035 ac
1163 3981 1204 4036 sui
1222 3998 1295 4034 uxo-
1383 3989 1384 4032 l

178 4048 268 4119 risque
285 4053 387 4102 statuas
404 4050 542 4114 argenteas
559 4050 677 4102 adalind
694 4051 869 4120 spectaculum
887 4049 987 4104 Romae
1001 4054 1149 4120 proposuit.

282 4117 353 4172 Mira
375 4115 556 4170 Valentiniani
576 4115 686 4172 iunioris
702 4125 790 4172 statua
807 4119 835 4171 in
851 4120 957 4173 Leontii
975 4121 1123 4189 porticibus
1140 4120 1295 4186 visebatur,

179 4199 256 4264 quem
273 4187 357 4242 locum
373 4185 493 4239 invisens
510 4183 597 4251 Zeno,
623 4188 804 4242 Valentiniani
821 4195 934 4242 statuam
951 4191 1134 4260 conspicatus,
1159 4189 1294 4258 infelices,

179 4255 281 4324 nquit,
299 4259 446 4325 caesares,
464 4267 573 4323 qaorum
589 4255 715 4326 imagines
732 4258 766 4312 ad
783 4258 929 4314 memoriam
947 4275 999 4310 non
1017 4259 1243 4330 conspicerentur.
