2814 4608
440 239 498 306 ΑΙ)
525 235 725 304 CODINUM
748 235 902 302 NOTAE.
1147 235 1223 306 219

122 416 271 504 Μηδικὸν
296 421 368 502 πῦρ.
412 415 450 477 de
475 436 534 477 usu
560 425 662 476 autem
687 413 841 496 naphthae
868 435 923 478 seu
948 415 1028 496 ignis
1054 413 1165 478 Medici
1189 418 1223 476 in

121 503 339 569 succendendis
358 503 474 564 balneis
494 500 573 562 nihil
594 501 667 562 alibi
686 502 759 580 legi.
802 511 953 560 caeterum
973 499 1055 582 quod
1073 503 1222 563 Meursius

121 593 162 654 ad
182 591 264 652 hunc
283 594 384 652 locum
404 591 542 650 observat
563 585 601 646 de
622 590 693 668 igne
714 589 871 662 Pometiam,
900 588 984 648 cuim
1004 589 1118 646 mentio
1139 589 1172 647 fit
1190 591 1223 647 iu

120 681 254 738 Historia
280 678 432 753 Miscelle,
461 676 575 734 nullius
603 674 693 753 plane
720 674 866 731 momenti
890 682 943 731 est.
985 671 1029 730 ihi
1055 675 1136 730 errim
1161 693 1223 734 non

120 765 280 826 Pomaicus
301 761 355 822 ssd
376 763 535 821 Romaieus
550 757 716 837 legendum
734 768 788 820 est.
832 757 923 818 rerba
938 757 1087 818 Historiae
1102 759 1224 818 Miscel-

120 851 211 910 lael.
232 849 273 912 21
300 846 376 908 haec
402 857 487 908 sunt:
513 864 605 924 porro
624 843 743 904 censali
762 853 889 921 tempore
908 845 991 900 veuit
1012 841 1166 922 Supiion,
1196 855 1225 901 et

120 944 270 1014 comperta
304 936 446 992 Romaici
478 934 559 1012 ignis
593 931 727 1009 efficacia
761 930 940 998 transcurrit
970 930 1004 986 iri
1033 928 1223 1007 Bithyniam.
1329 982 1335 990 ,,

120 1019 236 1080 ibidem
262 1021 353 1100 paulo
383 1028 464 1099 post:
491 1027 563 1096 post
588 1015 753 1094 paululum
783 1017 864 1074 venit
891 1025 918 1072 et
950 1014 1057 1072 Gizid:
1089 1013 1226 1072 similiter

123 1117 152 1164 et
177 1108 241 1183 ipse
267 1124 337 1168 cum
362 1102 466 1162 eadem
486 1103 637 1162 ἅτλλίολτοοι
656 1100 694 1159 de
713 1099 837 1158 humido
857 1102 940 1180 1'gne,
967 1099 1118 1178 applicuit
1131 1121 1225 1179 penes

126 1192 268 1251 Seuerou.
314 1189 367 1248 ubi
396 1198 481 1260 nota,
513 1189 566 1268 qui
593 1189 691 1267 primo
720 1196 844 1246 vocatur
873 1186 952 1266 ignis
979 1187 1139 1247 Romaicus
1169 1206 1225 1246 seu

120 1267 299 1356 Ῥυμαϊκῦς,
320 1284 424 1353 postea
438 1271 581 1352 appellari
594 1275 698 1350 ignem
711 1269 880 1334 haunidum.
923 1281 969 1330 est
984 1290 1053 1350 ergo
1065 1273 1226 1332 Romaicus

123 1363 189 1422 sive
216 1363 370 1419 Romanus
395 1360 475 1437 ignis
501 1356 584 1416 idem
612 1359 665 1437 qui
692 1357 814 1416 Graecis
842 1355 950 1416 dicitur
969 1360 1031 1438 πῦρ
1052 1351 1149 1439 ῦγρῦν
1171 1377 1226 1418 seu

4 1447 9 1462 ‘
123 1447 204 1524 ignis
238 1443 388 1526 liquidus,
423 1446 567 1523 quoniam
596 1463 652 1522 per
681 1440 823 1521 siphones
850 1443 1002 1501 emittitur.
1044 1443 1119 1501 alias
1145 1444 1225 1522 ignis

124 1533 257 1590 Graecus
277 1539 481 1609 nuncupatur,
504 1539 538 1588 ut
558 1527 640 1608 apud
659 1526 878 1608 Luitprandum
899 1525 936 1585 de
950 1527 1039 1585 rebus
1051 1527 1166 1606 Imp.3
1197 1529 1227 1592 6.

124 1617 159 1674 in
186 1617 309 1696 antiquo
336 1613 483 1674 Chronico
510 1635 556 1674 ms
579 1614 706 1674 cerensi
725 1623 848 1672 vocatur
866 1613 947 1692 ignis
966 1613 1115 1672 marinus:
1146 1631 1228 1670 auno

125 1701 241 1759 donsini
266 1702 343 1776 669,
374 1700 478 1761 indict.
507 1703 564 1774 12,
603 1700 816 1762 Constantinus
833 1699 926 1774 filius
950 1698 1118 1758 Constantis
1138 1718 1228 1776 sups-

124 1788 224 1846 ricris.
268 1786 360 1846 huius
385 1797 527 1865 tempore,
558 1787 777 1865 conoquium,
798 1783 1078 1864 ignisadinventuo
1097 1794 1142 1842 est
1160 1803 1228 1842 ma-

125 1874 211 1930 rinus
237 1893 259 1930 α
290 1871 437 1932 Callinico
464 1871 638 1942 architecto,
668 1872 723 1949 qui
748 1890 765 1927 e
795 1871 901 1948 Syriae
930 1871 1048 1928 civitate
1074 1870 1229 1946 Heliopoii

119 1958 274 2038 profugus
292 1957 337 2016 ad
354 1958 511 2016 Romanoa
528 1959 621 2016 venit.
663 1954 735 2016 hinc
751 1953 944 2035 corrigendus
957 1966 1003 2014 est
1017 1955 1229 2016 Constantinus

123 2040 402 2123 Porphyrogenitus
431 2040 468 2102 da
497 2039 664 2104 administr.
691 2045 768 2121 Imp.
791 2060 817 2104 c.
838 2040 897 2116 48,
925 2041 979 2100 ubi
1006 2042 1067 2118 agit
1095 2038 1132 2098 de
1158 2040 1228 2117 igne

124 2129 252 2204 Graeco:
283 2127 394 2205 ἰστέον,
423 2129 538 2209 inquit,
567 2122 615 2192 ὅτι
642 2125 692 2190 ἐπὶ
718 2127 951 2190 Κωνσταντλνου
971 2125 1044 2188 cici
1065 2130 1229 2187 Κωνσταν-

123 2213 207 2287 τίον,
228 2217 284 2276 τοῦ
304 2212 356 2276 καλ
375 2208 561 2298 πωγυνῦτου
582 2210 784 2292 καλουμένου,
807 2205 988 2285 Καλλλντκός
1003 2233 1048 2284 τις
1064 2205 1124 2273 <tat
1141 2203 1228 2272 Ἰλίου

122 2291 238 2371 πόλεως
263 2297 417 2380 Ῥωμαίοις
442 2293 628 2380 προσφυγῦν
653 2293 689 2359 τῦ
708 2293 760 2360 dui
779 2300 842 2359 scic
863 2292 1008 2375 σιφεῦνων
1029 2291 1229 2376 ἐκφερόμενον

122 2385 185 2464 πῦρ
206 2380 297 2465 ῦγρόν
317 2381 525 2448 κατεσκοῦασε.
567 2402 622 2462 pro
640 2381 717 2444 vici
729 2383 944 2444 Κονσταντλου
964 2383 1030 2460 lege
1050 2383 1123 2444 οἱοῦ
1139 2377 1230 2444 Κῦν-

123 2485 265 2544 σταντος,
292 2479 322 2527 et
347 2489 425 2551 quae
445 2479 613 2550 sequuntur
633 2471 689 2532 τοῦ
708 2465 760 2528 καλ
779 2461 967 2550 πυγυυῦτου
988 2467 1066 2528 refer
1086 2465 1126 2526 ad
1147 2468 1229 2526 Gon-

123 2555 289 2612 stantinum
311 2558 396 2616 cuius
417 2555 581 2631 Constans,
612 2554 665 2634 qui
684 2554 717 2610 in
737 2554 840 2612 Sicilia
860 2554 951 2630 obiit,
980 2563 1066 2632 pater
1091 2554 1166 2629 suit,
1194 2561 1229 2610 ut

122 2648 272 2698 testantur
299 2643 432 2701 Zonaras
462 2639 616 2698 cedrenus
644 2648 675 2696 et
701 2638 754 2696 alii
778 2637 924 2700 historici.
966 2649 1071 2718 postea
1090 2658 1145 2716 pro
1166 2631 1227 2701 οἶπῦ

117 2716 206 2785 Ἰλίου
226 2720 342 2797 πόλεως
362 2726 458 2783 scribe
479 2719 539 2786 circi
559 2717 766 2794 Ἡλιοπὸλεοος.
806 2725 909 2788 haus.

207 2849 240 2908 p.
262 2827 303 2890 14
322 2848 352 2894 v.
373 2835 404 2892 7.
446 2826 570 2906 ἐκτίσθη
592 2823 667 2911 παρ’
688 2822 784 2890 αῦτοῦ
803 2831 859 2890 τοῦ
879 2821 1037 2910 Σεβήρον]
1065 2826 1137 2888 vide
1157 2829 1229 2887 Sui-

125 2909 197 2972 dam
216 2915 249 2972 in
270 2915 419 2995 Σεβῆρος.
462 2915 586 2972 Manna

210 3039 241 3100 p.
263 3015 305 3081 14
325 3039 354 3082 t.
376 3018 406 3084 9.
447 3022 505 3082 τοῦ
533 3013 770 3102 τετραπλεύρου]
805 3015 884 3076 hauc
914 3017 1089 3076 columnam
1118 3019 1228 3077 Tetra-

124 3104 224 3186 pleuri
253 3104 416 3184 collapsam
443 3115 473 3163 et
498 3105 594 3164 multo
622 3115 756 3186 tempore
782 3113 961 3186 prostratam
988 3105 1084 3162 erexit
1109 3123 1229 3163 rursum

124 3209 180 3270 per
213 3191 356 3249 Proclum
389 3187 582 3251 Theodosius
616 3191 787 3271 imperator.
837 3209 965 3270 eamque
999 3191 1032 3247 in
1067 3209 1132 3248 rem
1163 3191 1230 3268 epi-

125 3294 263 3356 gramma
291 3285 390 3335 exstat
416 3274 579 3356 Antholog.
600 3277 622 3336 l.
643 3273 664 3340 4
691 3276 733 3355 (2
753 3297 784 3358 p.
805 3275 867 3339 239
888 3271 982 3356 lac.):
1011 3275 1099 3338 aiore
1123 3270 1228 3356 τετρῦ-

124 3365 256 3442 πλενρον
277 3383 306 3426 κ.
327 3385 353 3422 τ.
374 3366 401 3426 λ.
446 3361 518 3422 dicit
546 3372 634 3442 poeta
662 3363 751 3424 κλονα
771 3355 1007 3442 τετράπλευρον,
1035 3371 1068 3419 ut
1087 3363 1228 3422 Horatius

126 3445 305 3506 Stertinium
325 3465 452 3506 acumen
474 3457 504 3506 et
524 3449 577 3507 alii
597 3449 669 3509 alia:
690 3449 791 3530 itaque
813 3458 890 3506 errat
909 3449 1069 3526 interpres,
1093 3450 1145 3530 qui
1159 3468 1229 3506 ver-

125 3533 164 3590 tit
191 3531 364 3592 columnam
391 3533 638 3612 quadrilaterum.
685 3543 748 3592 erat
769 3542 870 3592 autem
891 3533 1124 3612 Tetrepleurum
1145 3534 1228 3593 locus

127 3615 230 3698 cpoli,
260 3619 313 3677 ubi
333 3629 449 3678 statuae
468 3616 621 3679 nudorum
641 3617 826 3698 cupidinum
844 3620 944 3700 pomis
966 3637 1031 3680 sese
1052 3621 1228 3700 petentium,

125 3712 157 3760 et
188 3696 405 3786 ἅνεμοῦοῦλιον
437 3724 557 3786 quoque
588 3703 749 3764 dicebatur.
792 3723 822 3763 v.
850 3705 969 3765 Nicetes
995 3705 1027 3764 in
1057 3704 1228 3766 Andronico

125 3785 278 3849 comneno
298 3811 329 3870 p.
350 3791 414 3856 432
445 3791 485 3856 18
521 3789 569 3854 ed.
589 3790 686 3852 Bonn.
727 3791 852 3850 Mauras.

208 3893 352 3974 p.1tv.
379 3898 427 3960 10.
468 3900 524 3971 τ”ς
552 3893 741 3977 σφενδόνης]
768 3898 907 3956 meminit
932 3895 1022 3962 hm'us
1048 3899 1109 3960 loci
1136 3898 1227 3956 etiam

125 3975 297 4042 Gedrenus:
327 3978 443 4048 κελεῦει
468 4005 525 4046 ουν
546 3979 563 4046 ὁ
582 3977 724 4064 βασιλεῦς
744 3979 845 4066 πυρὰν
865 3983 898 4046 ἐν
918 3987 957 4066 τῇ
977 3978 1130 4068 σφενδόνῃ
1152 3975 1228 4044 α’να-

122 4068 247 4144 φθῆναι
268 4065 319 4130 καὶ
339 4064 393 4131 cdv
414 4061 615 4152 πραιπῦσττον
634 4068 669 4134 ἐν
690 4063 769 4154 αὐτῇ
788 4073 984 4150 κατακαῆναι.
1028 4079 1058 4128 et
1078 4067 1150 4128 hinc
1170 4067 1226 4128 ob·

121 4169 210 4210 serra
230 4153 378 4232 supplicia
398 4155 441 4214 ibi
461 4156 499 4214 de
518 4155 620 4216 noxiis
641 4156 730 4216 solita
750 4156 839 4216 sumi.
880 4158 1005 4216 Mruaa.

206 4276 238 4341 p.
261 4255 302 4324 14
320 4277 350 4322 t.
373 4261 423 4328 12.
465 4256 662 4344 κρημυῦῦης]
687 4263 721 4324 in
741 4283 802 4326 uno
823 4262 890 4330 cod.
911 4265 980 4326 vat.
999 4277 1159 4342 perperam
1177 4263 1225 4324 la-
