2808 4616
171 183 247 257 176
514 178 691 246 INGERTI
715 177 931 248 aocsoms

166 370 265 458 φυλαὶ
291 368 321 432 ἐν
347 373 385 454 τῇ
408 371 510 453 χαλκῇ
534 362 633 454 πύλη,
658 367 735 454 πρὸς
758 367 815 451 μὲν
838 366 874 434 sd
899 363 1035 455 πρόσθεν
1060 373 1283 453 περιπατοῦντι

165 468 343 555 εύωνύμως,
375 469 452 557 πρὸς
476 469 510 534 δέ
532 469 568 535 ad
592 468 720 538 δ’πισθεν
748 475 871 550 δεξιῶς,
904 477 961 555 τῆς
981 471 1158 558 Ἀρτεμίδος
1183 476 1280 551 θεᾶς,

165 579 198 643 ἐκ
215 581 271 642 τού
287 579 363 640 suasi
378 581 432 640 τοῶ
446 574 587 662 Ἐφεσίου
604 573 713 658 ήκασι·
738 574 794 653 τὰς
814 577 869 658 μὲν
884 575 1036 662 τέσσαρας
1053 577 1085 640 ἐν
1101 583 1165 650 τοῖς
1184 571 1277 640 Ταύ-

166 706 223 766 ρου
239 679 375 766 μέρεσιν,
395 677 426 742 ἐν
442 686 506 756 τοῖς
521 683 662 756 παλαιοῖς
678 680 836 755 παλατίοις
852 678 1090 764 προσπηχθέντα
1102 679 1276 744 Κωνσταν-

164 785 265 862 τόνου,
290 781 368 847 itae
391 783 443 846 καὶ
460 781 628 855 Ἰουλιανοῦ
651 785 702 848 καλ
724 789 779 868 τῆς
801 779 910 849 τούτου
935 788 1086 869 γαμετῆς,
1112 781 1190 846 ἀλλά
1215 785 1300 848 καλό
1377 814 1378 840 ι

125 887 399 958 ΕΚωνσταντίνου
429 891 484 950 τοῦ
517 883 651 971 μεγάλου
683 889 734 952 καὶ
763 892 825 951 τῶν
850 885 926 953 υἱῶν
951 885 1047 952 adsoni
1070 887 1120 950 καὶ
1144 887 1175 948 Γ
1171 882 1273 950 άλλου

165 996 363 1078 καθορῶνται
390 987 569 1076 ύγάλματα·
595 989 652 1067 τὰς
681 990 716 1054 δέ
743 990 895 1076 τέσσαρας
918 991 950 1056 ἐν
972 996 1028 1073 τῆς
1051 990 1274 1076 προειρημένης

163 1093 261 1178 πύλης
287 1090 432 1182 εὐωνύμῳ
455 1092 556 1180 μέρει,
582 1091 659 1158 ἔνθα
684 1095 735 1158 καὶ
759 1093 891 1181 σταυρὸς
913 1091 1054 1179 πεπηγῶς
1076 1093 1124 1156 ἐπὶ
1143 1093 1273 1158 ’Ῑουστι-

164 1204 268 1264 νιανοῶ
303 1203 359 1262 τού
388 1193 484 1262 πάλαι
512 1198 563 1261 καλ
588 1198 790 1284 Βελισαρίου,
826 1203 1095 1284 καινουργηθεΐσαι
1118 1198 1271 1262 ἵστανται.

164 1305 196 1368 ἐν
226 1294 247 1388 ᾗ
280 1303 331 1366 καὶ
364 1299 457 1378 αύιδς
480 1297 662 1387 Βελισάριος
688 1307 864 1388 καθορᾶται
886 1301 1123 1388 χρυσέμβαφος,
1148 1297 1269 1383 ἦλισκέ-
1279 1309 1316 1362 10

166 1410 282 1492 φαλος,
306 1406 356 1468 καὶ
381 1404 524 1490 Ίιβέριος
544 1399 560 1467 δ
581 1404 758 1491 κυρτοειδὴς
777 1401 882 1496 Θρήξ,
908 1407 959 1470 καὶ
972 1406 1132 1480 ’ίαυστῖνας
1150 1400 1166 1468 ὃ
1183 1411 1271 1490 πρῶ-

164 1533 217 1586 τος
245 1507 418 1591 λεπτοειδής
445 1509 590 1594 ἐπίφορος
616 1508 687 1574 κατ’
717 1508 800 1574 ίδέαν
825 1505 923 1587 πάνυ,
957 1511 1009 1573 καί
1033 1513 1095 1573 τῶν
1120 1515 1272 1593 συγγενῶν

127 1622 152 1674 F
169 1608 262 1690 insui,
288 1611 321 1676 oi
343 1611 398 1693 μέν
421 1611 454 1674 ἐκ
469 1607 636 1698 μαρμάρου
654 1611 687 1676 αἱ
704 1612 739 1676 δέ
754 1613 807 1677 καὶ
820 1617 950 1696 χαλκαῖ,
976 1613 1009 1677 ἐκ
1025 1616 1087 1678 τῶν
1103 1608 1272 1694 ζωσμάτων

164 1711 430 1802 ἐπιγινωσκόμενοι
448 1713 582 1800 ἀκριβῶς
598 1723 662 1791 τοῖς
678 1721 820 1801 παροῦσι.

266 1818 376 1883 Πολλὰ
400 1823 438 1905 τῇ
461 1819 597 1900 βασιλίδι
620 1820 798 1910 Πουλχερίηι
816 1819 911 1884 Λέων
929 1814 945 1882 δ
962 1816 1058 1903 μέγας
1072 1813 1269 1903 ἐμακάριζεν
1280 1827 1314 1880 15

166 1922 241 1989 ὅθεν
259 1925 310 1988 καὶ
326 1919 447 2006 μνήμην
465 1921 561 2006 αὐτῆς
576 1927 631 2005 τῆς
647 1920 828 2000 τελειώσεως
845 1921 989 2001 ἐπετέλει,
1016 1923 1067 1986 καὶ
1080 1921 1109 1986 ἐν
1121 1926 1164 2008 τῷ
1176 1917 1272 2009 τάφῳ

73 2041 96 2095 Ρ
113 2041 149 2099 96
167 2027 261 2111 αύτής
279 2025 371 2104 αύτδς
390 2022 530 2111 ἱστόρησε
547 2027 582 2091 τὸ
600 2023 714 2110 ταύτης
730 2026 874 2109 λ’νδαλμα.
925 2027 976 2090 καὶ
989 2025 1021 2089 ἐν
1033 2033 1096 2101 τοΐς
1107 2026 1275 2106 βασιλείοις

165 2133 199 2196 δὲ
223 2136 352 2214 θεωρῶν
376 2127 472 2210 αύτήν
496 2130 528 2192 ἐν
551 2128 669 2221 ἱστορίη
675 2178 686 2208 ,
712 2131 765 2194 τδν
788 2132 856 2213 βίον
879 2126 951 2194 ὅλον
973 2128 1068 2212 αὐτῆς
1085 2125 1274 2214 ἐμακάριζεν.
1380 2141 1381 2164 ί

165 2235 355 2317 Μαρκιανοῦ
383 2231 417 2294 δὲ
447 2228 561 2313 στήλην
587 2235 638 2296 καὶ
663 2235 857 2320 Πυυλχερίας
882 2229 898 2298 ὃ
923 2231 1014 2310 αύτδς
1037 2232 1132 2298 Λέων
1156 2234 1274 2309 ἐντοῖς

167 2335 373 2402 Θεσδοσιανσῦ
392 2329 534 2414 ἐμβόλοις
549 2331 743 2418 μεταστήσας
760 2341 800 2422 τῇ
816 2337 954 2418 βασιλίδι
970 2333 1054 2402 πόλει
1069 2335 1315 2424 προσέθηκεν.λο

263 2438 430 2503 Ἰουλιανοῦ
450 2437 592 2524 χαραγδς
618 2435 784 2516 Θεοδόσιος
806 2437 822 2505 δ
846 2441 942 2526 μέγας
963 2436 1140 2527 ήμαύρωσε.
1189 2439 1268 2522 μεθ’
1381 2511 1382 2516 1

127 2533 210 2610 Βῶν
234 2543 285 2607 καλ
305 2541 361 2624 τήν
383 2536 494 2606 τούτου
517 2538 630 2626 στήλην
652 2540 711 2620 έξω
736 2549 791 2628 τῆς
809 2549 951 2631 χαραγής
972 2541 1132 2628 ἑστηκυῖαν
1150 2541 1271 2610 θεασά-

164 2671 256 2730 μενος
280 2644 453 2732 ἠρυθρίασε
460 2691 472 2724 ,
497 2647 548 2710 καὶ
575 2654 638 2724 τοῖς
661 2644 875 2716 συνοδεύουσιν
897 2644 1044 2728 ἐπύθετο,
1069 2648 1151 2724 τίνος
1167 2645 1205 2712 dv
1224 2646 1269 2730 εἴη

163 2880 243 3002 porta
259 2894 277 2930 e
294 2875 409 2930 sinistris
424 2873 529 2947 quidem
546 2879 622 2940 ante,
639 2894 656 2932 a
673 2876 774 2930 dextris
791 2893 857 2930 vero
873 2881 945 2930 retro
961 2876 1071 2930 Dianam
1087 2877 1162 2930 deam
1179 2877 1271 2930 ambu-

174 2945 244 3014 anti,
262 2947 295 2999 ab
313 2946 448 3014 Ephesino
464 2946 561 3016 templo
578 2947 691 3000 advecta
708 2954 783 3013 eunt,
802 2952 926 3018 quattuor
944 2947 1048 3017 quidam
1065 2947 1092 3000 in
1109 2945 1194 2999 Tauri
1207 2963 1271 3016 pur-

163 3018 237 3070 tibus
254 3015 282 3066 in
299 3015 402 3068 Palatio
420 3016 507 3068 veteri
524 3015 691 3069 Constantini
708 3017 804 3083 affixa,
822 3017 867 3070 ubi
885 3017 965 3070 etiam
979 3017 1073 3068 Iuliani
1086 3016 1193 3084 eiusque
1207 3033 1272 3068 con-

163 3085 246 3154 iugis,
274 3083 445 3137 Constantini
469 3102 574 3155 quoque
598 3086 684 3156 magni
707 3091 734 3137 et
754 3085 866 3139 filiorum
884 3086 940 3140 eius
957 3103 1059 3138 necnon
1076 3086 1147 3138 Galli
1163 3091 1270 3137 statuae

165 3152 378 3220 conspiciuntur3
404 3159 530 3224 quattuor
554 3161 641 3208 autem
663 3156 692 3207 in
716 3162 874 3210 memoratae
890 3161 984 3224 portae
1000 3155 1078 3208 laevo
1096 3156 1195 3218 latere,
1222 3154 1270 3206 ubi

163 3222 244 3274 etiam
261 3239 326 3276 crux
343 3224 431 3276 defixa
447 3225 496 3277 sub
513 3225 659 3276 Iustiniano
677 3225 737 3277 olim
754 3233 782 3277 et
798 3225 925 3278 Belisario
942 3231 1091 3278 restaurata
1108 3223 1270 3277 consistunt.

161 3291 202 3343 ibi
218 3307 322 3360 quoque
338 3292 395 3363 ipse
414 3293 557 3346 Belisurius
575 3294 736 3364 conspicitur
753 3294 909 3362 deauratus,
934 3293 1022 3363 cupite
1039 3293 1169 3348 solaribus
1187 3292 1271 3344 radiis

162 3359 288 3426 micante,
317 3367 345 3414 et
370 3363 494 3416 Tiberius
519 3363 646 3430 gibbosus
670 3363 779 3432 Thrax,
805 3364 922 3417 Iustinus
938 3365 1028 3417 senior
1044 3363 1142 3433 exigna
1158 3369 1271 3430 statura,

162 3429 238 3483 vultu
260 3430 395 3486 admodum
418 3431 567 3498 concitato;
590 3432 707 3502 itemque
725 3450 758 3486 ex
775 3433 893 3502 cognatis
910 3450 939 3485 se
957 3439 1010 3487 tem
1027 3441 1148 3499 statuae,
1173 3431 1271 3504 purtim

162 3515 322 3553 marmoreae
347 3501 441 3571 partim
467 3519 580 3569 aeneae,
609 3519 677 3573 quae
700 3519 734 3556 ex
757 3503 868 3573 cingulis
888 3452 967 3556 faciie
984 3507 1027 3558 est
1041 3501 1207 3557 adstantibus
1224 3519 1272 3553 co·

162 3584 300 3638 gnoscere.

265 3637 321 3690 Leo
344 3655 453 3708 magnus
474 3639 651 3694 beatissimam
668 3639 830 3694 Pulcheriam
847 3639 992 3711 Augustam
1010 3639 1117 3696 muitum
1133 3639 1272 3692 celebrare

162 3705 277 3773 solebat3
305 3708 374 3760 unde
394 3709 474 3762 etiam
491 3710 551 3763 eiua
569 3710 797 3764 consummationis
813 3711 871 3763 sive
890 3711 977 3764 exitus
994 3709 1140 3764 memoriam
1158 3724 1272 3762 venera-

161 3780 256 3845 batur,
273 3776 384 3846 eiusque
401 3778 538 3860 imaginem
555 3779 675 3848 sepulcro
692 3780 777 3849 ipsius
794 3781 932 3900 apposuit,
950 3787 1030 3850 etque
1047 3780 1076 3832 in
1093 3778 1202 3832 aedibus
1219 3777 1271 3830 im·

160 3846 304 3915 potatoriis
328 3847 384 3898 eius
407 3847 537 3917 depactam
561 3848 676 3917 effigiem
694 3856 872 3917 contempens
888 3855 970 3902 totam
987 3849 1069 3904 vitam
1086 3847 1142 3901 eins
1159 3847 1271 3916 deprae-

160 3915 277 3970 dicabat.
311 3913 440 3967 Marciani
455 3934 521 3968 vero
539 3924 567 3970 et
582 3918 737 3971 Pulcheriae
754 3927 858 3972 statuas
872 3918 942 3972 idem
957 3919 1013 3972 Leo
1026 3920 1054 3972 in
1067 3917 1271 3972 Theodosianos

162 3985 277 4039 embolos
294 3984 440 4038 translatas
454 3984 640 4052 imperatoriae
657 3988 718 4040 urbi
734 3987 840 4041 adiecit.

264 4055 359 4108 Iuliani
383 4057 511 4105 monetam
537 4055 704 4109 Theodosius
729 4073 837 4124 magnus
863 4057 1019 4141 abrogarim
1046 4073 1078 4109 ao
1098 4059 1193 4126 postea
1210 4053 1270 4107 eius

161 4125 275 4178 statuam
293 4132 369 4178 extra
385 4121 556 4175 monetariam
574 4123 705 4178 officinam
723 4131 835 4178 stantem
853 4135 1019 4196 conspaoatus
1038 4123 1157 4190 erubuit,
1182 4140 1269 4192 exque

162 4190 298 4248 comitibus
323 4194 396 4248 cuius
417 4197 489 4246 esset
511 4190 596 4262 Quae
619 4194 769 4248 sciscitatus
790 4202 846 4265 est,
872 4195 924 4250 iltis
940 4199 1029 4250 autem
1044 4193 1268 4265 respondentibus
