2802 4636
519 286 578 350 DE
604 283 743 351 SIGNIS
771 283 831 350 GP.
1176 284 1224 355 51

115 468 277 555 ἀβλαβής,
301 469 322 555 ἦ
342 472 375 536 δέ
393 471 622 559 διεφθαρμένη,
639 468 728 554 ἡνίκα
744 472 792 536 ἐπὶ
808 470 862 536 τὸν
878 471 964 536 κίονα
980 475 1036 536 τοῦ
1052 468 1228 556 ἀγάλματος

116 577 296 658 ἐπλησίαζεν
313 575 432 642 άκουσα
449 578 499 640 καὶ
511 575 556 659 μὴ
568 577 756 658 βουλομένη,
775 577 935 667 ἐπιστασίᾳ
947 571 1052 666 άθρόρ
1065 577 1227 660 ίσηκοῦντο

116 679 160 743 τά
178 677 283 760 ἱμάτια
301 681 411 763 αὐτῆς,
430 683 481 744 καί
499 681 629 744 ἐδείκνυε
645 679 681 744 τό
700 677 810 764 ἑαυτῆς
827 683 952 746 αἰδοῖον.
1004 676 1117 762 ὁμοίιος
1130 683 1227 747 δὲκαὶ

116 782 152 845 αἱ
178 781 301 864 ἔχουσαι
326 782 458 870 ἄνδρας,
485 784 538 847 ἐὰν
565 785 725 869 λαθραίως
748 781 957 866 ἐμοιχεόοντο·
983 790 1073 848 codro
1099 786 1150 848 καὶ
1175 786 1225 849 ἐπ’

85 885 226 962 andvair
244 889 371 972 ἐγίνετο,
398 889 450 952 καὶ
468 886 565 964 οὕτως
582 887 796 970 άπηλέγχοντο.
847 890 896 952 καί
915 884 1091 968 ἐθαύμαζον
1108 886 1227 968 πάντες,

111 993 165 1054 καὶ
191 991 346 1056 ἐπίστευον
370 996 409 1078 τῇ
433 991 575 1077 γενομένῃ
598 993 739 1081 πορνεία·
764 992 872 1056 ἐκεῖναι
888 990 947 1077 γὰρ
965 991 1123 1076 παρευθδς
1139 989 1264 1075 ὠμοῦ

110 1089 236 1178 λόγουν.
288 1091 308 1177 ἡ
335 1095 369 1158 δέ
392 1095 617 1181 γυναικιιδελφὴ
639 1096 800 1160 Ἰουστίνου
825 1101 881 1160 τοῦ
904 1093 964 1160 άπὸ
988 1102 1225 1182 κουροπιιλατῶν

110 1197 280 1282 συνέτριψε
303 1198 359 1280 τὴν
384 1195 498 1282 στήλην
515 1197 567 1261 διά
584 1199 619 1263 τό
637 1201 687 1262 καὶ
705 1199 801 1279 αὐτῆς
816 1199 851 1264 τὸ
870 1201 987 1263 αίδοῖον
1004 1207 1138 1284 φανῆναι
1154 1225 1226 1282 μοι-

106 1302 295 1383 χευθείσης,
322 1304 385 1365 καὶ,
398 1303 591 1387 διερχομένης
614 1304 706 1366 ἐκεῖσε
730 1301 785 1390 ἐφ’
807 1303 892 1389 ’ίππιμ
910 1304 941 1366 ἐν
958 1307 1001 1389 τῷ
1018 1301 1148 1385 λοόμστι
1165 1311 1225 1372 τῶν

63 1409 100 1462 10
109 1407 303 1489 Βλσχερνιόν
327 1403 380 1468 διδ
401 1404 437 1470 τό
463 1405 594 1482 ἐξαίσιον
618 1403 736 1490 όμβρον
758 1406 901 1489 γενέσθαι
925 1407 975 1468 καὶ
1001 1407 1106 1489 μηκέτι
1131 1406 1226 1472 δόνα-

109 1509 199 1572 cuci
212 1533 280 1572 τινα
298 1518 470 1594 περιπατεῖν
487 1507 567 1590 πλὴν
584 1508 615 1570 ἐν
631 1517 694 1583 τοῖς
709 1513 880 1588 βασιλικοῖς
897 1505 1061 1592 δρόμωσιν.

221 1611 271 1676 Τά
297 1614 329 1676 δὲ
352 1610 497 1697 λεγόμενα
520 1608 678 1696 Κοντάρια
686 1659 697 1689 ,
722 1612 813 1694 βίγλα
829 1604 867 1694 ἦν
884 1612 949 1676 ἐκεῖ
960 1610 1078 1697 μεγάλη
1094 1609 1131 1676 τό
1147 1610 1226 1698 πρό-

108 1738 220 1797 τερον,
257 1718 307 1780 καὶ
336 1717 392 1793 ἕως
418 1714 493 1781 ἑπτά
514 1713 647 1799 χρόνους
670 1711 853 1802 ἐφυλάττετο
878 1715 981 1780 ἐκεῖσε.
1031 1716 1165 1797 πολέμου
1192 1716 1226 1780 δέ

109 1819 272 1900 γινομένου
291 1817 346 1884 δύο
365 1818 415 1901 έτη
434 1819 507 1894 ναδς
524 1815 713 1904 ᾠκοδομήθη
732 1816 858 1883 εἰδώλου
875 1818 984 1904 μικρός
1000 1814 1059 1882 dud
1073 1822 1104 1881 Γ
1101 1825 1226 1900 οιληνοῦ,

65 1925 102 1979 15
113 1918 153 1984 ὃν
175 1921 319 1986 καθελὼν
342 1919 359 1986 ό
384 1924 478 2005 μέγας
505 1925 735 1996 Κωνσταντῖνος
758 1926 797 2005 τῇ
819 1918 956 2007 θεοτόκῳ
979 1920 1053 1985 ναόν
1076 1918 1264 2006 άνήγειρε,Ι)

111 2026 168 2088 καὶ
194 2023 322 2109 ἐχάραξε
345 2024 399 2087 τδν
422 2024 560 2109 Χριστὸν
584 2025 636 2088 καὶ
659 2023 715 2106 τὴν
739 2019 906 2106 δπεραγίαν
928 2021 1076 2089 θεοτόκον
1097 2027 1148 2089 καὶ
1171 2025 1226 2108 τὴν

113 2124 215 2190 adocei
231 2128 349 2212 μητέρα
367 2129 417 2190 καὶ
436 2124 544 2190 ἔαυτόν
551 2174 561 2204 ,
585 2128 636 2190 καί
652 2127 766 2191 ἐτέλεσε
779 2123 947 2212 πανήγυριν
960 2123 1075 2211 ἡμέρας
1089 2125 1224 2193 δώδεκα·

112 2227 201 2306 ὅστις
220 2229 295 2305 ναὸς
311 2226 538 2312 μετωνομάσθη
555 2226 575 2312 ἦ
593 2227 664 2313 άγία
684 2229 798 2294 Θέκλα.
849 2227 915 2294 τότε
935 2231 967 2293 δέ
984 2233 1107 2294 καὶτοῦ
1122 2233 1224 2312 μιλίου

109 2329 133 2415 ἢ
160 2329 287 2419 καμάρα
306 2336 439 2420 χερσαῖα
464 2330 563 2419 πόρτιν
588 2323 644 2415 ἦν,
671 2335 722 2396 καὶ
740 2335 782 2408 είς
798 2330 833 2395 τό
851 2333 985 2397 διίππιον
1002 2325 1040 2416 ἦν
1056 2330 1077 2417 ἦ
1095 2331 1224 2419 άλλαγή.

185 2528 203 2580 2
220 2523 356 2591 ἠσκοῦντο
374 2528 441 2580 Bar.
525 2527 541 2582 7
557 2522 627 2596 γυνὴ
647 2529 680 2582 C.
762 2529 798 2584 10
813 2526 863 2583 καὶ
878 2525 992 2597 μηκέτι]
1010 2523 1052 2614 μη
1066 2523 1224 2596 δυναμένης

185 2591 233 2648 διά
250 2591 395 2663 θαλάσσης
411 2591 516 2664 ταύτης
533 2590 563 2650 έν
578 2601 638 2659 τοῖς
650 2597 804 2667 βασιλικοῖς
815 2599 954 2667 δρυμῶσιν
966 2592 1027 2651 έκεῖ
1034 2600 1170 2650 aestuoso
1188 2597 1221 2652 0.

185 2666 221 2718 12
245 2683 273 2733 p.
292 2665 327 2720 46
346 2673 374 2717 et
391 2664 426 2720 97
444 2666 530 2720 Band.
669 2661 713 2718 ότι
736 2661 773 2718 τά
797 2663 931 2736 λεγόμενοι
955 2663 1101 2732 Κοντάρια
1123 2665 1224 2751 pipino

184 2727 260 2802 εἶχον
286 2731 337 2794 ἕως
360 2729 407 2800 ἐτη
433 2730 466 2796 ζ’.
500 2731 549 2787 καὶ
571 2727 602 2786 έν
625 2729 702 2805 αὐτῷ
725 2737 768 2800 τῷ
791 2733 869 2808 τόπῳ
893 2732 1012 2802 πόλεμος
1036 2732 1088 2796 ἕως
1112 2733 1160 2806 ίτη
1185 2734 1211 2806 β’
1213 2776 1221 2790 .

185 2803 234 2856 καί
257 2798 327 2864 ναός
349 2799 471 2855 εἰδώλων
495 2797 593 2871 μικρός
616 2800 710 2870 πάνυ,
738 2799 772 2856 ὃν
797 2801 891 2872 ἔλεγον
916 2804 1045 2871 Γαληνοῧ
1070 2799 1153 2857 εἶναι.
1189 2807 1222 2859 F.

185 2871 221 2925 14
237 2869 400 2940 γινομένου]
419 2869 565 2940 γεγονότος
582 2873 615 2926 C.
745 2870 890 2928 είδτολεῖον
906 2870 1006 2942 μικρὸν
1023 2874 1057 2924 C.

113 3047 258 3108 venerant,
287 3057 356 3110 quae
380 3049 456 3094 extra
479 3041 581 3111 culpam
605 3050 678 3105 erat,
705 3043 797 3096 illaesa
820 3042 978 3095 accedebat=
1003 3047 1096 3094 contra
1118 3043 1224 3095 verosi

115 3130 170 3180 qua
194 3112 293 3163 vitiata
317 3111 543 3181 appropinquaret
566 3113 700 3166 columnae
716 3113 775 3166 eiua
793 3117 912 3179 statuae,
935 3111 972 3164 ilii
989 3111 1052 3163 licet
1066 3113 1224 3180 repugnanti

114 3183 206 3235 subito
239 3180 350 3250 quodam
379 3181 479 3250 impetu
503 3185 591 3233 vestes
616 3181 848 3252 discerpebantur,
878 3181 917 3234 ita
940 3188 971 3234 ut
990 3181 1115 3302 pudenda
1138 3183 1224 3251 palam

115 3257 288 3322 apparerent.
333 3251 404 3303 idem
432 3250 573 3303 eveniebat
600 3253 728 3304 uxoribus
756 3249 926 3318 adulteratis,
958 3267 988 3302 eo
1008 3267 1098 3320 amque
1126 3251 1224 3303 indicio

116 3321 354 3374 convincebantur.
371 3341 373 3346 ’
389 3319 452 3371 huic
474 3320 591 3373 violatae
613 3321 756 3390 pudicitiae
778 3321 929 3374 testimonio
947 3337 1035 3373 omnes
1053 3337 1108 3372 cum
1127 3337 1225 3374 aurnma

116 3390 290 3443 admiratione
307 3389 385 3442 fidem
403 3388 578 3457 adhibebant,
599 3389 664 3460 ipsis
680 3407 785 3460 quoque
801 3385 932 3444 accusatio
947 3391 1045 3442 facturn
1061 3395 1155 3460 postea
1171 3407 1224 3442 non

116 3459 229 3530 ampliua
259 3459 425 3528 negantibus.
465 3475 542 3512 aoror
570 3469 657 3512 autem
683 3461 772 3513 uxoris
795 3459 891 3512 Iuatini
916 3460 1083 3528 curopalatae
1108 3465 1224 3513 statuam

116 3530 186 3581 hanc
209 3529 357 3597 confregit,
385 3546 417 3580 eo
434 3529 504 3597 quod
520 3529 580 3596 ipsa
597 3545 702 3599 quoqne
720 3529 858 3582 denudatio
875 3529 1003 3598 pudendis
1021 3529 1144 3581 adulterii
1161 3547 1224 3582 con-

115 3600 273 3652 vinceretur
298 3614 366 3667 eqno
388 3597 450 3651 illac
474 3599 648 3652 transvebena
674 3599 708 3651 ad
732 3599 853 3652 balneum
877 3599 1096 3651 Blachernarumc
1128 3600 1223 3651 etenim

117 3668 301 3790 adeodlirngena
316 3670 407 3720 fuerat
423 3669 513 3740 pluvia
529 3674 560 3720 ut
576 3669 628 3722 alia
644 3668 690 3720 via
706 3669 811 3720 nonnisi
829 3669 856 3721 in
874 3669 1039 3721 dromonibus
1056 3667 1223 3738 imperatoria

118 3753 151 3790 eo
169 3753 185 3788 a
205 3736 245 3788 ‘e
280 3743 362 3790 osset.

224 3755 302 3868 Qube
330 3823 400 3859 nunc
428 3804 553 3859 cantaria
581 3811 727 3875 vocantur,
759 3807 835 3876 priua
856 3805 964 3874 vigilum
988 3811 1065 3859 erant
1086 3807 1221 3868 excubiae,

117 3892 186 3946 quae
210 3875 250 3927 ibi
271 3877 400 3928 durarunt
413 3891 495 3928 annos
512 3881 623 3945 aeptem.
657 3884 720 3948 post
735 3877 831 3929 bellum
848 3883 935 3928 autem
951 3875 1048 3929 bienna
1063 3877 1153 3928 fanum
1168 3871 1223 3925 illic

117 3961 134 3998 a
158 3943 280 3998 Gallieno
303 3945 467 3998 aedificatum
485 3950 542 4012 est,
567 3963 618 4016 quo
635 3945 773 4000 destructo
790 3945 980 4000 Constantinus
996 3960 1105 4012 magnus
1122 3943 1151 3993 8.
1168 3941 1224 3991 dei-

118 4031 202 4084 parae
225 4013 349 4084 templum
374 4015 430 4068 eiua
455 4016 513 4067 loco
530 4015 631 4083 erexit,
658 4017 736 4086 eique
753 4016 834 4068 incidi
851 4015 956 4068 curavit
970 4015 1106 4082 imaginem
1122 4008 1223 4062 Christi

119 4091 148 4135 et
170 4090 279 4136 sanctae
302 4083 359 4136 eine
382 4085 472 4137 matria
494 4091 523 4137 et
546 4085 588 4138 aui
609 4085 709 4154 ipsios,
732 4092 761 4138 et
777 4085 924 4138 celebravit
939 4085 1035 4137 featom
1051 4077 1224 4158 dedicationis

118 4152 237 4220 integrae
259 4153 395 4206 duodecim
414 4153 482 4208 dier.
517 4153 566 4206 hoc
582 4155 705 4226 templum
722 4161 816 4224 postea
833 4155 866 4209 S.
881 4155 998 4208 Theclae
1014 4152 1224 4217 cognomlnntum

118 4220 180 4274 suit.
214 4229 278 4275 tunc
300 4224 426 4294 temporie
448 4223 537 4276 fornix
560 4224 674 4278 milliarii
698 4232 778 4294 porta
801 4229 860 4278 erat
883 4221 1038 4282 terrestria,
1064 4220 1093 4266 et
1114 4213 1142 4265 in
1165 4215 1236 4266 loco·

118 4297 269 4360 nuncupato
285 4292 392 4364 Diippio
409 4293 521 4347 mutatio
538 4311 663 4364 equorum
679 4311 771 4349 curcua
786 4293 898 4366 publici.
931 4292 991 4360 ipra
1013 4299 1078 4339 vero
1094 4282 1225 4336 Conterit
