2808 4616
483 259 542 324 DE
568 256 794 326 AEDIFIGIIS
822 259 883 328 ΟΡ.
1186 261 1235 336 87

132 446 195 538 φδς
218 445 270 512 καὶ
295 440 499 533 συριγγοόδης,
525 447 577 510 καὶ
593 443 683 512 νότου
701 441 893 532 γεγονότοςῆ
911 452 1013 536 βορρᾶ
1030 453 1170 539 σφοδροῦ
1187 457 1238 520 καὶ

131 556 196 617 τῶν
221 543 363 632 κυμάτων
386 556 430 638 τῷ
452 552 542 633 τείχει
567 547 820 638 προσκρουόντων
844 547 992 639 ἄνήρχετο
1015 553 1055 620 νδ
1079 552 1238 640 πνεόματα

130 655 221 738 βίαια
236 650 357 718 ι’ίνωθεν
372 653 449 740 πρὸς
465 653 538 731 τοδς
554 655 717 732 αὐλίσκους
732 661 794 722 τῶν
810 657 999 740 σαλπίγγων,
1024 659 1078 722 καὶ
1093 655 1237 744 ὑπηχεῖτο

131 759 224 841 με’λος
240 757 349 837 ξενίζον
367 754 479 838 ἀκοάς,
505 757 576 824 όλον
594 756 761 847 Σειρήνων.
811 751 850 840 ἦν
867 759 901 824 δὲ
918 757 1041 847 ἅντικρυ
1058 758 1168 830 τούτου
1185 765 1239 829 καλ

105 863 233 948 ὁδ’τερος
249 858 381 948 πόργος,
407 863 459 926 καὶ
476 860 637 946 δεχόμενος
652 861 708 948 τὴν
724 861 790 946 η’χώ
808 869 863 928 τοῦ
879 860 1018 930 τοιοότου
1035 865 1147 948 μέλους
1164 864 1239 934 ἀπε·

128 967 217 1030 δίδου
243 967 294 1030 καὶ
320 964 413 1042 αὐτὸς
428 957 503 1050 ἦχον
518 965 573 1032 τδν
591 962 694 1033 αὐτόν.
745 965 795 1032 ὅτε
813 967 846 1032 δὲ
862 965 955 1051 ἤθελε
971 974 1092 1052 κινῆσαι
1105 965 1238 1054 Ῥωμαῖ-
1254 975 1278 1030 1>

125 1069 184 1146 κδς
208 1065 334 1149 στόλος,
360 1066 440 1152 ὃμοῦ
464 1075 585 1158 πρῶτον
609 1072 703 1138 ἐκεῖσε
726 1071 886 1159 ἠθροίζετο
893 1119 904 1152 ,
931 1073 1078 1140 καὶκατὰ
1095 1065 1239 1159 τδνῆχον

124 1179 190 1239 τῶν
208 1169 332 1259 πόργων
344 1169 508 1252 νέσόλπιζον
526 1175 558 1238 αἲ
574 1179 643 1257 νῆες
659 1177 711 1240 καλ
727 1175 896 1242 ἅπεκίνουν.

235 1277 287 1341 Tri
312 1276 346 1342 δὲ
370 1273 545 1358 καλούμενοι
561 1273 731 1363 Ὁρμίσδου
749 1279 841 1364 λιμὴν
857 1275 999 1364 ίτόγχανε
1016 1276 1140 1366 μικρός,
1166 1269 1240 1368 ἐνῷ

82 1388 118 1444 10
127 1380 258 1468 ὥρμουν
281 1379 314 1444 αἱ
335 1385 405 1462 νῆες
421 1380 480 1467 πρὸ
498 1386 553 1446 τοῦ
569 1387 733 1464 κτισθῆναι
748 1382 802 1448 τὸν
819 1383 926 1464 λιμίνα
941 1390 1002 1448 τῶν
1020 1387 1156 1471 Σοφιῶν.
1207 1384 1240 1448 ἐκ

126 1485 166 1550 δὲ
189 1489 251 1550 τῶν
273 1488 394 1550 πολλῶν
407 1481 529 1570 χρόνων
548 1483 715 1568 ἀμεληθεὶς
731 1485 889 1569 ἐγεμίσθη.
940 1486 1033 1551 ἐκεῖσε
1058 1487 1091 1550 δὲ
1112 1485 1240 1552 Ἰουστι-

125 1587 234 1662 νιανδς
256 1583 273 1651 ὃ
296 1586 393 1671 μόγας
417 1583 546 1676 κατῴκει
569 1587 629 1675 πρδ
652 1594 709 1653 sod
731 1593 922 1670 βασιλεῦσαι.
974 1587 1034 1654 inni
1053 1589 1087 1652 δὲ
1103 1594 1159 1653 τοῦ
1175 1591 1241 1654 κτί-

125 1713 241 1767 σαντος
271 1689 364 1756 αῧτδν
393 1690 561 1758 Ἰουλιανοῦ
592 1691 698 1780 εἰληφε
729 1690 786 1776 τὴν
815 1692 987 1775 ἐπωνυμίαν
993 1740 1003 1772 ,
1029 1694 1081 1757 καὶ
1106 1697 1241 1759 καλεῖται

23 1799 28 1810 ’
122 1794 292 1863 Ἰουλιανοῦ
309 1790 411 1878 λιμήν.
1078 1864 1083 1872 ,

82 1909 118 1964 15
234 1897 300 1962 Τδν
317 1897 403 1982 ἅγιον
419 1894 577 1962 Πλάτωνα
594 1890 806 1972 Ἀναστόσιος
822 1891 839 1960 ὁ
857 1895 978 1984 δίκορος
995 1894 1124 1974 ίκτισεν,
1150 1897 1241 1983 iuop-

124 2000 260 2084 χαμίνου
284 1998 345 2084 ἤδη
370 2007 426 2066 τοῦ
451 1996 586 2080 ἑβδόμου
610 2002 731 2076 αἰῶνος.
782 1997 854 2075 τοδς
880 2000 914 2066 δὲ
937 2001 1038 2076 κίονας
1060 1997 1133 2075 τοδς
1154 1989 1239 2077 δίκα,
1254 2006 1277 2060 Ρ
1294 2007 1328 2061 st

127 2103 204 2178 τοδς
226 2101 374 2181 δνζώδους
389 2098 558 2186 γλυπτοός,
584 2099 691 2189 ἔφερεν
706 2101 767 2168 ἀπδ
788 2101 1013 2186 Θεσσαλονίκης
1029 2105 1072 2180 είς
1086 2101 1141 2168 τὸν
1157 2098 1241 2182 ναόν,

130 2196 175 2270 ὧν
202 2205 232 2270 οἳ
255 2207 312 2288 μὲν
337 2205 416 2271 ὀκτὼ
440 2207 581 2270 ἵστανται
598 2206 630 2270 ἔν
646 2211 690 2293 τῷ
706 2211 789 2295 ναῷ,
816 2206 846 2271 οἱ
868 2207 903 2270 δὲ
921 2203 976 2272 doio
993 2205 1139 2293 ἤρθησαν
1155 2205 1239 2294 παρὰ

124 2307 285 2392 Ῥωμανοῦ
299 2308 452 2391 βασιλίως
467 2313 524 2374 noti
539 2307 731 2391 Λεκαπηνοῦ
748 2311 799 2374 καὶ
818 2309 968 2394 ἐτέθησαν
985 2310 1028 2386 είς
1043 2307 1099 2393 τὴν
1111 2313 1241 2394 χαλκῆν.

198 2470 216 2525 3
234 2463 382 2554 αδλίσκους
397 2468 491 2524 Lamb.
508 2485 557 2540 pro
577 2464 738 2531 αὖλιακοδς.
867 2467 950 2525 8καλ
966 2465 1138 2556 ρῖπεκίνοον]
1145 2488 1241 2558 pasc:

197 2538 519 2677 ttttttt‘dztmn
536 2539 801 2678 aninitiiii'ii‘,
820 2602 852 2663 ο
869 2597 895 2680 ,ο
910 2534 1030 2678 sitinii
1043 2541 1241 2672 ttttttttt

197 2673 361 2747 ἐχρημάτισε
384 2678 507 2730 κοιτῶνα
517 2675 578 2758 *καὶ
603 2672 732 2746 οἰνόμασε
751 2677 870 2748 Σέργιον
889 2675 938 2732 κοιλ
955 2675 1074 2748 Βόκχον.
1111 2674 1242 2741 ιόσαότως

198 2747 248 2800 καλ
274 2743 370 2815 ἕτερον
391 2743 467 2800 ναόν
489 2763 546 2798 των
565 2739 654 2813 ἁγίων
670 2742 849 2814 ἀποστόλων,
876 2741 923 2800 ὅτε
940 2743 992 2800 τόν
1009 2743 1123 2816 γρισμδν
1141 2745 1240 2818 ἔλαβεν

197 2812 332 2870 ὑποκάτω
358 2815 414 2867 τεᾶν
443 2813 608 2884 βαθμίδων,
638 2811 685 2868 ὅτε
711 2815 759 2868 καί
784 2811 838 2885 τὴν
863 2810 974 2883 σφαγὴν
999 2815 1039 2877 είς
1062 2812 1095 2868 τδ
1122 2811 1240 2870 ίπντικδν

200 2877 299 2938 iactet.
326 2877 433 2950 ἐκλήθη
448 2879 482 2936 δὲ
494 2879 651 2937 Ἰουλιανοῦ
663 2879 744 2972 λιμδγυ
756 2879 800 2939 ότι
813 2881 829 2939 ὁ
842 2885 938 2946 κτίσας
950 2878 1038 2947 οὕτως
1048 2877 1186 2937 ἐκαλεῖτο.
1204 2885 1238 2938 0.

200 2955 236 3008 15
261 2972 288 3022 p.
307 2954 346 3026 3⁰.
359 2953 443 3005 Band.
565 2949 684 3021 ἔκτισεν]
709 2952 856 3024 οινήγειρον
878 2955 911 3008 C.
1034 2949 1238 3023 ἐναρχομόνοο]

200 3021 242 3085 τίς
255 3016 309 3090 τὴν
326 3017 417 3090 ἀρχὴν
433 3021 486 3074 τοῦ
502 3021 587 3090 Bag„
610 3019 653 3084 τίς
667 3022 781 3092 μίμησιν
796 3023 849 3078 τοῦ
864 3025 928 3078 Vst.
1051 3021 1086 3078 17
1104 3018 1240 3090 γλυπτοός

200 3109 242 3147 om
260 3092 295 3146 C.
399 3089 434 3147 19
450 3085 500 3144 τόν
515 3087 620 3162 χαλκόν
638 3093 700 3147 Vnt.

128 3247 198 3286 aava
222 3233 288 3283 erat.
324 3229 417 3281 austro
442 3225 526 3296 igitur
548 3227 593 3279 vel
615 3228 735 3298 aquilone
759 3227 941 3283 vehementius
962 3228 1083 3299 spirante
1099 3233 1128 3281 et
1142 3227 1239 3284 fluctus

127 3300 209 3356 maria
234 3299 268 3352 ad
291 3314 392 3350 murum
415 3297 539 3350 allidente
561 3291 671 3365 spiritus
687 3298 760 3352 intus
777 3299 909 3352 cobibitus
927 3299 1086 3352 ascendebat
1101 3315 1186 3368 usque
1205 3300 1240 3352 ad

126 3369 258 3425 foramina
274 3367 460 3433 buccinarum,
478 3372 506 3418 et
524 3365 645 3418 Sirenum
661 3368 747 3421 instar
763 3369 859 3422 edebat
878 3375 1032 3422 concentum
1049 3368 1142 3422 auditu
1159 3368 1241 3422 admi-

128 3440 256 3502 rabilem
282 3437 356 3489 cuins
379 3453 472 3490 sonum
488 3434 552 3488 inde
567 3438 739 3490 resultantem
756 3439 879 3507 opposita
894 3437 980 3490 turris
996 3437 1146 3509 excipiebat
1162 3444 1188 3491 et
1206 3438 1241 3490 si-

127 3509 231 3564 militor
255 3507 407 3561 resonabat.
441 3505 545 3575 quando
568 3513 655 3558 autem
673 3509 842 3576 profecturae
859 3513 936 3562 crant
952 3509 1059 3562 navales
1077 3508 1168 3579 copiae
1184 3507 1241 3560 Ro-

128 3595 281 3646 manorum,
299 3576 529 3645 congregabantur
545 3575 620 3644 prius
637 3575 752 3628 inbono
769 3577 867 3646 locum,
885 3585 913 3630 et
929 3576 1005 3632 iuxta
1021 3595 1112 3632 sonum
1129 3578 1239 3630 turrium

128 3649 159 3702 in
175 3648 289 3704 navibus
306 3663 411 3716 quoque
428 3647 493 3698 tuba
511 3645 655 3711 canebant,
673 3651 753 3714 atque
769 3646 810 3699 ita
827 3647 928 3699 demum
945 3646 1125 3703 discedebant.

235 3717 324 3770 Locus
347 3713 495 3768 nominatus
517 3714 672 3766 Hormisdae
687 3731 787 3785 parvus
804 3722 863 3770 erat
879 3720 989 3787 portus,
1015 3717 1128 3771 naribus
1145 3714 1240 3769 statio-

130 3787 339 3910 atttriti?
346 3784 955 3924 ’dumetittfttttttpttita
980 3792 1240 3910 Piiini‘ibiif

129 3925 179 3978 bat
199 3925 363 3980 Instiuiauns
387 3941 510 3993 magnus,
533 3923 685 3994 priusquam
701 3924 735 3978 ad
751 3923 888 3994 imperium
902 3927 1037 3995 parvenit.
1072 3928 1240 3980 caetoruma

129 3996 268 4050 conditore
286 3996 344 4050 eins
358 3993 462 4048 Iufiano
482 3995 629 4064 appellatus
647 3995 700 4048 tuit
734 4000 808 4047 ortus
821 3995 927 4048 Iuliani.
1157 4054 1165 4070 ·
1186 4056 1193 4069 ι

235 4065 373 4134 Templum
388 4063 418 4116 S.
434 4063 554 4118 Platonis
570 4061 689 4117 condidit
727 4064 858 4118 nantarius
873 4066 1001 4132 Bionnos,
1019 4065 1068 4118 sub
1083 4057 1237 4130 princrprum

131 4133 238 4202 septimi
260 4135 369 4188 saeculi.
403 4133 493 4186 decem
514 4149 580 4188 vero
603 4133 736 4188 columnas
758 4135 895 4204 sculptura
920 4141 1027 4189 ornatas
1049 4125 1239 4184 Thessalonica

130 4201 162 4254 in
187 4203 239 4255 boc
261 4204 386 4274 templum
407 4202 559 4268 trnrutulit3
584 4219 694 4287 quarum
717 4204 786 4258 dnae
804 4207 839 4260 ab
856 4205 1015 4278 imperatore
1029 4201 1147 4252 Romano
1165 4195 1237 4250 dicto

127 4272 273 4344 Lecapeno
289 4273 317 4330 in
334 4273 452 4330 chalem
466 4277 644 4346 transpositae
659 4275 776 4330 fueram.
