<?xml version="1.0" encoding="UTF-8"?>
<!DOCTYPE html PUBLIC "-//W3C//DTD XHTML 1.0 Transitional//EN"
    "http://www.w3.org/TR/xhtml1/DTD/xhtml1-transitional.dtd">
<html xmlns="http://www.w3.org/1999/xhtml" xml:lang="en" lang="en">
 <head>
  <title>
</title>
<meta http-equiv="Content-Type" content="text/html;charset=utf-8" />
  <meta name='ocr-system' content='tesseract 3.04.00' />
  <meta name='ocr-capabilities' content='ocr_page ocr_carea ocr_par ocr_line ocrx_word'/>
</head>
<body>
  <div class='ocr_page' id='page_1' title='image "./excerptadeantiq00codigoog_0291.png"; bbox 0 0 2814 4608; ppageno 0'>
   <div class='ocr_carea' id='block_1_1' title="bbox 160 153 957 248">
    <p class='ocr_par' dir='ltr' id='par_1_1' title="bbox 160 153 957 248">
     <span class='ocr_line' id='line_1_1' title="bbox 160 153 957 248; baseline -0.028 0"><span class='ocrx_word' id='word_1_1' title='bbox 160 169 237 248; x_wconf 73' lang='lat'>274</span> <span class='ocrx_word' id='word_1_2' title='bbox 467 153 645 229; x_wconf 70' lang='lat' dir='ltr'>munst]</span> <span class='ocrx_word' id='word_1_3' title='bbox 668 155 728 224; x_wconf 85' lang='grc' dir='ltr'>ΕΤ</span> <span class='ocrx_word' id='word_1_4' title='bbox 752 155 957 228; x_wconf 76' lang='lat' dir='ltr'>mmoncn</span> 
     </span>
    </p>
   </div>
   <div class='ocr_carea' id='block_1_2' title="bbox 158 332 1270 521">
    <p class='ocr_par' dir='ltr' id='par_1_2' title="bbox 158 332 1270 521">
     <span class='ocr_line' id='line_1_2' title="bbox 160 332 1270 438; baseline -0.019 -20"><span class='ocrx_word' id='word_1_5' title='bbox 160 359 238 438; x_wconf 84' lang='lat' dir='ltr'>lnp.</span> <span class='ocrx_word' id='word_1_6' title='bbox 258 369 314 434; x_wconf 90' lang='lat' dir='ltr'>pro</span> <span class='ocrx_word' id='word_1_7' title='bbox 334 347 392 438; x_wconf 77' lang='lat' dir='ltr'>rori</span> <span class='ocrx_word' id='word_1_8' title='bbox 410 337 589 426; x_wconf 66' lang='grc' dir='ltr'><strong>ψομαθέος</strong></span> <span class='ocrx_word' id='word_1_9' title='bbox 607 333 666 420; x_wconf 73' lang='grc' dir='ltr'>τόν</span> <span class='ocrx_word' id='word_1_10' title='bbox 685 332 788 421; x_wconf 73' lang='grc' dir='ltr'><strong>μονήν</strong></span> <span class='ocrx_word' id='word_1_11' title='bbox 807 337 1001 402; x_wconf 75' lang='lat' dir='ltr'>scribendum</span> <span class='ocrx_word' id='word_1_12' title='bbox 1021 349 1069 404; x_wconf 84' lang='lat' dir='ltr'>est</span> <span class='ocrx_word' id='word_1_13' title='bbox 1086 337 1146 426; x_wconf 65' lang='grc' dir='ltr'>τήν</span> <span class='ocrx_word' id='word_1_14' title='bbox 1164 341 1270 428; x_wconf 59' lang='grc' dir='ltr'><strong>μονή,</strong></span> 
     </span>
     <span class='ocr_line' id='line_1_3' title="bbox 158 423 1048 521; baseline -0.033 -17"><span class='ocrx_word' id='word_1_15' title='bbox 158 445 217 508; x_wconf 74' lang='grc' dir='ltr'>τοῦ</span> <span class='ocrx_word' id='word_1_16' title='bbox 236 429 404 521; x_wconf 72' lang='lat' dir='ltr'>papiam,</span> <span class='ocrx_word' id='word_1_17' title='bbox 425 427 459 490; x_wconf 91' lang='lat' dir='ltr'>id</span> <span class='ocrx_word' id='word_1_18' title='bbox 479 437 526 489; x_wconf 86' lang='lat' dir='ltr'>est</span> <span class='ocrx_word' id='word_1_19' title='bbox 546 425 760 486; x_wconf 70' lang='lat' dir='ltr'>monsterium</span> <span class='ocrx_word' id='word_1_20' title='bbox 779 423 907 488; x_wconf 68' lang='grc' dir='ltr'>Ιίοοηὶι.</span> <span class='ocrx_word' id='word_1_21' title='bbox 948 428 1048 490; x_wconf 71' lang='lat' dir='ltr'>nm,</span> 
     </span>
    </p>
   </div>
   <div class='ocr_carea' id='block_1_3' title="bbox 159 521 1269 714">
    <p class='ocr_par' dir='ltr' id='par_1_3' title="bbox 159 521 1269 714">
     <span class='ocr_line' id='line_1_4' title="bbox 244 521 1269 624; baseline -0.007 -21"><span class='ocrx_word' id='word_1_22' title='bbox 244 561 276 624; x_wconf 89' lang='lat' dir='ltr'>p.</span> <span class='ocrx_word' id='word_1_23' title='bbox 298 537 360 604; x_wconf 94' lang='grc'>110</span> <span class='ocrx_word' id='word_1_24' title='bbox 379 553 411 596; x_wconf 81' lang='lat' dir='ltr'>r·</span> <span class='ocrx_word' id='word_1_25' title='bbox 431 532 464 597; x_wconf 85' lang='grc'>3.</span> <span class='ocrx_word' id='word_1_26' title='bbox 506 522 569 594; x_wconf 77' lang='grc' dir='ltr'>ἆαό</span> <span class='ocrx_word' id='word_1_27' title='bbox 591 523 748 610; x_wconf 82' lang='grc' dir='ltr'><strong>Χαροέοο]</strong></span> <span class='ocrx_word' id='word_1_28' title='bbox 769 521 847 590; x_wconf 85' lang='lat' dir='ltr'>haro</span> <span class='ocrx_word' id='word_1_29' title='bbox 866 547 959 612; x_wconf 84' lang='lat' dir='ltr'>snpra</span> <span class='ocrx_word' id='word_1_30' title='bbox 978 549 1010 612; x_wconf 83' lang='lat' dir='ltr'>p.</span> <span class='ocrx_word' id='word_1_31' title='bbox 1028 527 1071 596; x_wconf 81' lang='grc'>17</span> <span class='ocrx_word' id='word_1_32' title='bbox 1088 547 1119 594; x_wconf 75' lang='lat' dir='ltr'>v·</span> <span class='ocrx_word' id='word_1_33' title='bbox 1138 527 1180 594; x_wconf 77' lang='lat'>19</span> <span class='ocrx_word' id='word_1_34' title='bbox 1197 550 1269 618; x_wconf 85' lang='lat' dir='ltr'>sqq.</span> 
     </span>
     <span class='ocr_line' id='line_1_5' title="bbox 159 615 748 714; baseline -0.014 -25"><span class='ocrx_word' id='word_1_35' title='bbox 159 630 289 714; x_wconf 87' lang='lat' dir='ltr'>ipsomet</span> <span class='ocrx_word' id='word_1_36' title='bbox 308 619 458 705; x_wconf 83' lang='lat' dir='ltr'>prolixius</span> <span class='ocrx_word' id='word_1_37' title='bbox 478 625 606 678; x_wconf 80' lang='lat' dir='ltr'>enarrat.</span> <span class='ocrx_word' id='word_1_38' title='bbox 648 615 748 676; x_wconf 71' lang='lat' dir='ltr'>Im·</span> 
     </span>
    </p>
   </div>
   <div class='ocr_carea' id='block_1_4' title="bbox 244 707 1388 810">
    <p class='ocr_par' dir='ltr' id='par_1_4' title="bbox 244 707 1388 810">
     <span class='ocr_line' id='line_1_6' title="bbox 244 707 1388 810; baseline -0.037 -16"><span class='ocrx_word' id='word_1_39' title='bbox 244 751 274 810; x_wconf 82' lang='lat' dir='ltr'>p.</span> <span class='ocrx_word' id='word_1_40' title='bbox 296 723 360 792; x_wconf 93' lang='grc'>110</span> <span class='ocrx_word' id='word_1_41' title='bbox 379 740 408 784; x_wconf 80' lang='lat' dir='ltr'>v.</span> <span class='ocrx_word' id='word_1_42' title='bbox 430 721 461 785; x_wconf 89' lang='lat'>6.</span> <span class='ocrx_word' id='word_1_43' title='bbox 501 709 733 799; x_wconf 74' lang='grc' dir='ltr'>οῑΞυλόκερκος</span> <span class='ocrx_word' id='word_1_44' title='bbox 751 707 865 797; x_wconf 67' lang='grc' dir='ltr'><strong>πόρια]</strong></span> <span class='ocrx_word' id='word_1_45' title='bbox 888 711 982 776; x_wconf 84' lang='lat' dir='ltr'>huius</span> <span class='ocrx_word' id='word_1_46' title='bbox 1001 725 1106 797; x_wconf 59' lang='lat' dir='ltr'>port„</span> <span class='ocrx_word' id='word_1_47' title='bbox 1126 718 1271 780; x_wconf 85' lang='lat' dir='ltr'>meminit</span> <span class='ocrx_word' id='word_1_48' title='bbox 1387 743 1388 752; x_wconf 73' lang='grc'>,</span> 
     </span>
    </p>
   </div>
   <div class='ocr_carea' id='block_1_5' title="bbox 160 798 1271 884">
    <p class='ocr_par' dir='ltr' id='par_1_5' title="bbox 160 798 1271 884">
     <span class='ocr_line' id='line_1_7' title="bbox 160 798 1271 884; baseline -0.015 -4"><span class='ocrx_word' id='word_1_49' title='bbox 160 819 294 880; x_wconf 76' lang='lat' dir='ltr'>Zonaras</span> <span class='ocrx_word' id='word_1_50' title='bbox 322 812 356 870; x_wconf 91' lang='lat' dir='ltr'>in</span> <span class='ocrx_word' id='word_1_51' title='bbox 383 804 541 866; x_wconf 80' lang='lat' dir='ltr'>Anastasio</span> <span class='ocrx_word' id='word_1_52' title='bbox 568 803 687 863; x_wconf 82' lang='lat' dir='ltr'>lliooro.</span> <span class='ocrx_word' id='word_1_53' title='bbox 729 819 829 884; x_wconf 84' lang='lat' dir='ltr'>nsque</span> <span class='ocrx_word' id='word_1_54' title='bbox 851 820 923 863; x_wconf 80' lang='lat' dir='ltr'>vero</span> <span class='ocrx_word' id='word_1_55' title='bbox 943 798 1020 866; x_wconf 86' lang='lat' dir='ltr'>haee</span> <span class='ocrx_word' id='word_1_56' title='bbox 1039 813 1128 884; x_wconf 86' lang='lat' dir='ltr'>porta</span> <span class='ocrx_word' id='word_1_57' title='bbox 1146 814 1271 864; x_wconf 84' lang='lat' dir='ltr'>tantum</span> 
     </span>
    </p>
   </div>
   <div class='ocr_carea' id='block_1_6' title="bbox 160 883 1389 982">
    <p class='ocr_par' dir='ltr' id='par_1_6' title="bbox 160 883 1389 982">
     <span class='ocr_line' id='line_1_8' title="bbox 160 883 1389 982; baseline -0.019 -14"><span class='ocrx_word' id='word_1_58' title='bbox 160 898 339 982; x_wconf 76' lang='grc' dir='ltr'><strong>ξοέοκέρκου</strong></span> <span class='ocrx_word' id='word_1_59' title='bbox 364 908 534 972; x_wconf 77' lang='lat' dir='ltr'><strong>cognomen</strong></span> <span class='ocrx_word' id='word_1_60' title='bbox 553 884 677 963; x_wconf 78' lang='lat' dir='ltr'>hahuit,</span> <span class='ocrx_word' id='word_1_61' title='bbox 707 883 886 970; x_wconf 79' lang='lat' dir='ltr'>sodalique</span> <span class='ocrx_word' id='word_1_62' title='bbox 906 887 999 948; x_wconf 87' lang='lat' dir='ltr'>etiam</span> <span class='ocrx_word' id='word_1_63' title='bbox 1018 891 1100 950; x_wconf 87' lang='lat' dir='ltr'>muri</span> <span class='ocrx_word' id='word_1_64' title='bbox 1119 893 1271 953; x_wconf 85' lang='lat' dir='ltr'>terrestris</span> <span class='ocrx_word' id='word_1_65' title='bbox 1388 933 1389 936; x_wconf 15' lang='grc' dir='ltr'>η</span> 
     </span>
    </p>
   </div>
   <div class='ocr_carea' id='block_1_7' title="bbox 159 971 1271 1072">
    <p class='ocr_par' dir='ltr' id='par_1_7' title="bbox 159 971 1271 1072">
     <span class='ocr_line' id='line_1_9' title="bbox 159 971 1271 1072; baseline -0.013 -22"><span class='ocrx_word' id='word_1_66' title='bbox 159 1007 229 1072; x_wconf 79' lang='lat' dir='ltr'>pars</span> <span class='ocrx_word' id='word_1_67' title='bbox 259 987 288 1046; x_wconf 87' lang='lat' dir='ltr'>ei</span> <span class='ocrx_word' id='word_1_68' title='bbox 316 977 484 1040; x_wconf 72' lang='lat' dir='ltr'>adhaerens</span> <span class='ocrx_word' id='word_1_69' title='bbox 513 984 544 1034; x_wconf 80' lang='lat' dir='ltr'>et</span> <span class='ocrx_word' id='word_1_70' title='bbox 573 983 690 1034; x_wconf 81' lang='lat' dir='ltr'>caetera</span> <span class='ocrx_word' id='word_1_71' title='bbox 717 971 818 1034; x_wconf 80' lang='lat' dir='ltr'>vioina</span> <span class='ocrx_word' id='word_1_72' title='bbox 843 973 930 1049; x_wconf 85' lang='lat' dir='ltr'>loeo,</span> <span class='ocrx_word' id='word_1_73' title='bbox 964 983 1001 1033; x_wconf 85' lang='lat' dir='ltr'>nt</span> <span class='ocrx_word' id='word_1_74' title='bbox 1024 984 1153 1036; x_wconf 85' lang='lat' dir='ltr'>testatur</span> <span class='ocrx_word' id='word_1_75' title='bbox 1176 977 1271 1037; x_wconf 76' lang='lat' dir='ltr'>ltine-</span> 
     </span>
    </p>
   </div>
   <div class='ocr_carea' id='block_1_8' title="bbox 223 1048 1390 1144">
    <p class='ocr_par' dir='ltr' id='par_1_8' title="bbox 223 1048 1390 1144">
     <span class='ocr_line' id='line_1_10' title="bbox 223 1048 1390 1144; baseline -0.002 -17"><span class='ocrx_word' id='word_1_76' title='bbox 223 1091 273 1134; x_wconf 77' lang='lat' dir='ltr'>ms</span> <span class='ocrx_word' id='word_1_77' title='bbox 291 1067 435 1130; x_wconf 87' lang='lat' dir='ltr'>callistus</span> <span class='ocrx_word' id='word_1_78' title='bbox 455 1063 496 1126; x_wconf 88' lang='lat'>18</span> <span class='ocrx_word' id='word_1_79' title='bbox 518 1055 577 1124; x_wconf 82' lang='lat'>41:</span> <span class='ocrx_word' id='word_1_80' title='bbox 600 1062 643 1144; x_wconf 77' lang='grc' dir='ltr'>τῷ</span> <span class='ocrx_word' id='word_1_81' title='bbox 660 1061 736 1144; x_wconf 80' lang='lat' dir='ltr'>sepi,</span> <span class='ocrx_word' id='word_1_82' title='bbox 758 1058 817 1136; x_wconf 88' lang='lat' dir='ltr'>ait,</span> <span class='ocrx_word' id='word_1_83' title='bbox 837 1061 894 1123; x_wconf 78' lang='lat' dir='ltr'>sori</span> <span class='ocrx_word' id='word_1_84' title='bbox 913 1048 1067 1142; x_wconf 73' lang='grc' dir='ltr'>μόρτορος</span> <span class='ocrx_word' id='word_1_85' title='bbox 1084 1056 1268 1143; x_wconf 82' lang='grc' dir='ltr'><strong>Μόμαντος,</strong></span> <span class='ocrx_word' id='word_1_86' title='bbox 1389 1111 1390 1138; x_wconf 37' lang='grc' dir='ltr'><strong>ρ</strong></span> 
     </span>
    </p>
   </div>
   <div class='ocr_carea' id='block_1_9' title="bbox 159 1136 1225 1244">
    <p class='ocr_par' dir='ltr' id='par_1_9' title="bbox 159 1136 1225 1244">
     <span class='ocr_line' id='line_1_11' title="bbox 159 1136 1225 1244; baseline -0.036 -16"><span class='ocrx_word' id='word_1_87' title='bbox 159 1159 256 1244; x_wconf 62' lang='lat' dir='ltr'>syroi</span> <span class='ocrx_word' id='word_1_88' title='bbox 275 1157 331 1222; x_wconf 80' lang='lat' dir='ltr'>sori</span> <span class='ocrx_word' id='word_1_89' title='bbox 351 1151 467 1231; x_wconf 74' lang='grc' dir='ltr'><strong>τοίχους</strong></span> <span class='ocrx_word' id='word_1_90' title='bbox 488 1136 513 1232; x_wconf 76' lang='lat' dir='ltr'>pi</span> <span class='ocrx_word' id='word_1_91' title='bbox 533 1138 711 1228; x_wconf 78' lang='grc' dir='ltr'>ξυλόοεραος</span> <span class='ocrx_word' id='word_1_92' title='bbox 731 1138 846 1226; x_wconf 76' lang='grc' dir='ltr'><strong>ὄνομα,</strong></span> <span class='ocrx_word' id='word_1_93' title='bbox 869 1143 1084 1226; x_wconf 61' lang='grc' dir='ltr'>παρετέθησαν,</span> <span class='ocrx_word' id='word_1_94' title='bbox 1126 1149 1225 1210; x_wconf 63' lang='lat' dir='ltr'>pm,</span> 
     </span>
    </p>
   </div>
   <div class='ocr_carea' id='block_1_10' title="bbox 160 1241 1267 1415">
    <p class='ocr_par' dir='ltr' id='par_1_10' title="bbox 160 1241 1267 1415">
     <span class='ocr_line' id='line_1_12' title="bbox 244 1241 1267 1338; baseline -0.012 -15"><span class='ocrx_word' id='word_1_95' title='bbox 244 1277 276 1338; x_wconf 82' lang='lat' dir='ltr'>p·</span> <span class='ocrx_word' id='word_1_96' title='bbox 299 1255 363 1322; x_wconf 93' lang='grc'>110</span> <span class='ocrx_word' id='word_1_97' title='bbox 383 1271 415 1312; x_wconf 81' lang='lat' dir='ltr'>v.</span> <span class='ocrx_word' id='word_1_98' title='bbox 436 1251 487 1314; x_wconf 92' lang='grc'>10.</span> <span class='ocrx_word' id='word_1_99' title='bbox 529 1243 585 1328; x_wconf 71' lang='grc' dir='ltr'>τόν</span> <span class='ocrx_word' id='word_1_100' title='bbox 610 1242 801 1327; x_wconf 71' lang='grc' dir='ltr'><strong>καλουμένην</strong></span> <span class='ocrx_word' id='word_1_101' title='bbox 826 1241 946 1328; x_wconf 68' lang='lat' dir='ltr'>maryris]</span> <span class='ocrx_word' id='word_1_102' title='bbox 975 1245 1015 1308; x_wconf 85' lang='lat' dir='ltr'>de</span> <span class='ocrx_word' id='word_1_103' title='bbox 1041 1245 1135 1310; x_wconf 85' lang='lat' dir='ltr'>huius</span> <span class='ocrx_word' id='word_1_104' title='bbox 1161 1252 1267 1332; x_wconf 88' lang='lat' dir='ltr'>templi</span> 
     </span>
     <span class='ocr_line' id='line_1_13' title="bbox 160 1333 1267 1415; baseline -0.022 -7"><span class='ocrx_word' id='word_1_105' title='bbox 160 1353 311 1408; x_wconf 71' lang='lat' dir='ltr'><strong>structura</strong></span> <span class='ocrx_word' id='word_1_106' title='bbox 342 1348 373 1399; x_wconf 92' lang='lat' dir='ltr'>et</span> <span class='ocrx_word' id='word_1_107' title='bbox 400 1334 580 1396; x_wconf 78' lang='lat' dir='ltr'>miraculoso</span> <span class='ocrx_word' id='word_1_108' title='bbox 606 1333 692 1394; x_wconf 83' lang='lat' dir='ltr'>fonte</span> <span class='ocrx_word' id='word_1_109' title='bbox 719 1333 783 1411; x_wconf 82' lang='lat' dir='ltr'>agit</span> <span class='ocrx_word' id='word_1_110' title='bbox 809 1333 928 1412; x_wconf 86' lang='lat' dir='ltr'>prolixe</span> <span class='ocrx_word' id='word_1_111' title='bbox 955 1333 1145 1415; x_wconf 83' lang='lat' dir='ltr'>Niosphorns</span> <span class='ocrx_word' id='word_1_112' title='bbox 1172 1337 1267 1398; x_wconf 64' lang='lat' dir='ltr'>osui..</span> 
     </span>
    </p>
   </div>
   <div class='ocr_carea' id='block_1_11' title="bbox 161 1415 1268 1501">
    <p class='ocr_par' dir='ltr' id='par_1_11' title="bbox 161 1415 1268 1501">
     <span class='ocr_line' id='line_1_14' title="bbox 161 1415 1268 1501; baseline -0.001 -16"><span class='ocrx_word' id='word_1_113' title='bbox 161 1441 227 1492; x_wconf 79' lang='lat' dir='ltr'>stus</span> <span class='ocrx_word' id='word_1_114' title='bbox 254 1429 295 1494; x_wconf 78' lang='lat'>15</span> <span class='ocrx_word' id='word_1_115' title='bbox 326 1425 368 1490; x_wconf 75' lang='lat'>25</span> <span class='ocrx_word' id='word_1_116' title='bbox 391 1432 421 1483; x_wconf 88' lang='lat' dir='ltr'>et</span> <span class='ocrx_word' id='word_1_117' title='bbox 442 1423 496 1484; x_wconf 82' lang='lat'>26.</span> <span class='ocrx_word' id='word_1_118' title='bbox 539 1427 700 1501; x_wconf 80' lang='lat' dir='ltr'>syntagma</span> <span class='ocrx_word' id='word_1_119' title='bbox 726 1436 799 1480; x_wconf 76' lang='lat' dir='ltr'>vero</span> <span class='ocrx_word' id='word_1_120' title='bbox 826 1417 910 1500; x_wconf 87' lang='lat' dir='ltr'>quod</span> <span class='ocrx_word' id='word_1_121' title='bbox 936 1415 1053 1480; x_wconf 80' lang='lat' dir='ltr'><strong>ibidem</strong></span> <span class='ocrx_word' id='word_1_122' title='bbox 1079 1431 1208 1482; x_wconf 85' lang='lat' dir='ltr'>testatur</span> <span class='ocrx_word' id='word_1_123' title='bbox 1233 1444 1268 1484; x_wconf 86' lang='lat' dir='ltr'>so</span> 
     </span>
    </p>
   </div>
   <div class='ocr_carea' id='block_1_12' title="bbox 161 1502 1392 1597">
    <p class='ocr_par' dir='ltr' id='par_1_12' title="bbox 161 1502 1392 1597">
     <span class='ocr_line' id='line_1_15' title="bbox 161 1502 1392 1597; baseline -0.044 -19"><span class='ocrx_word' id='word_1_124' title='bbox 161 1517 317 1597; x_wconf 68' lang='lat' dir='ltr'>scripsisse</span> <span class='ocrx_word' id='word_1_125' title='bbox 337 1509 375 1570; x_wconf 87' lang='lat' dir='ltr'>de</span> <span class='ocrx_word' id='word_1_126' title='bbox 396 1506 550 1568; x_wconf 75' lang='lat' dir='ltr'>miraculis</span> <span class='ocrx_word' id='word_1_127' title='bbox 571 1502 612 1564; x_wconf 86' lang='lat' dir='ltr'>ad</span> <span class='ocrx_word' id='word_1_128' title='bbox 632 1505 747 1564; x_wconf 80' lang='lat' dir='ltr'>fontem</span> <span class='ocrx_word' id='word_1_129' title='bbox 767 1504 833 1563; x_wconf 88' lang='lat' dir='ltr'>eins</span> <span class='ocrx_word' id='word_1_130' title='bbox 853 1505 962 1586; x_wconf 83' lang='lat' dir='ltr'>templi</span> <span class='ocrx_word' id='word_1_131' title='bbox 982 1505 1087 1582; x_wconf 84' lang='lat' dir='ltr'>editis,</span> <span class='ocrx_word' id='word_1_132' title='bbox 1115 1505 1268 1590; x_wconf 59' lang='lat' dir='ltr'>hodieque</span> <span class='ocrx_word' id='word_1_133' title='bbox 1391 1509 1392 1524; x_wconf 75' lang='lat'>.</span> 
     </span>
    </p>
   </div>
   <div class='ocr_carea' id='block_1_13' title="bbox 160 1586 1274 2818">
    <p class='ocr_par' dir='ltr' id='par_1_13' title="bbox 160 1586 1269 2025">
     <span class='ocr_line' id='line_1_16' title="bbox 160 1586 1269 1678; baseline -0.006 -15"><span class='ocrx_word' id='word_1_134' title='bbox 160 1599 402 1678; x_wconf 78' lang='lat' dir='ltr'>manuscriptum</span> <span class='ocrx_word' id='word_1_135' title='bbox 422 1601 522 1653; x_wconf 84' lang='lat' dir='ltr'>exstat</span> <span class='ocrx_word' id='word_1_136' title='bbox 541 1592 575 1650; x_wconf 92' lang='lat' dir='ltr'>in</span> <span class='ocrx_word' id='word_1_137' title='bbox 592 1586 777 1650; x_wconf 85' lang='lat' dir='ltr'>bibliothsoa</span> <span class='ocrx_word' id='word_1_138' title='bbox 791 1589 947 1654; x_wconf 80' lang='lat' dir='ltr'>Vaticana.</span> <span class='ocrx_word' id='word_1_139' title='bbox 988 1593 1172 1672; x_wconf 79' lang='lat' dir='ltr'>principium</span> <span class='ocrx_word' id='word_1_140' title='bbox 1184 1595 1269 1657; x_wconf 86' lang='lat' dir='ltr'>illius</span> 
     </span>
     <span class='ocr_line' id='line_1_17' title="bbox 161 1671 1269 1760; baseline -0.008 -12"><span class='ocrx_word' id='word_1_141' title='bbox 161 1685 220 1748; x_wconf 89' lang='lat' dir='ltr'>hoo</span> <span class='ocrx_word' id='word_1_142' title='bbox 242 1695 303 1746; x_wconf 86' lang='lat' dir='ltr'>est:</span> <span class='ocrx_word' id='word_1_143' title='bbox 326 1676 389 1745; x_wconf 80' lang='grc' dir='ltr'><strong>εἶτα</strong></span> <span class='ocrx_word' id='word_1_144' title='bbox 407 1680 506 1760; x_wconf 74' lang='grc' dir='ltr'><strong><em>πηγῆς</em></strong></span> <span class='ocrx_word' id='word_1_145' title='bbox 523 1672 579 1757; x_wconf 77' lang='grc' dir='ltr'>μέν</span> <span class='ocrx_word' id='word_1_146' title='bbox 595 1671 659 1758; x_wconf 67' lang='lat' dir='ltr'>ridel</span> <span class='ocrx_word' id='word_1_147' title='bbox 675 1697 706 1738; x_wconf 81' lang='lat' dir='ltr'>rs</span> <span class='ocrx_word' id='word_1_148' title='bbox 721 1672 775 1738; x_wconf 81' lang='lat' dir='ltr'>sai</span> <span class='ocrx_word' id='word_1_149' title='bbox 788 1671 921 1756; x_wconf 83' lang='grc' dir='ltr'>ψυχρόν.</span> <span class='ocrx_word' id='word_1_150' title='bbox 963 1687 1117 1739; x_wconf 81' lang='lat' dir='ltr'>saetarum</span> <span class='ocrx_word' id='word_1_151' title='bbox 1136 1681 1169 1738; x_wconf 87' lang='lat' dir='ltr'>in</span> <span class='ocrx_word' id='word_1_152' title='bbox 1186 1682 1269 1740; x_wconf 89' lang='lat' dir='ltr'>ima-</span> 
     </span>
     <span class='ocr_line' id='line_1_18' title="bbox 162 1759 1264 1854; baseline -0.006 -23"><span class='ocrx_word' id='word_1_153' title='bbox 162 1773 264 1854; x_wconf 79' lang='lat' dir='ltr'>ginem</span> <span class='ocrx_word' id='word_1_154' title='bbox 284 1771 322 1828; x_wconf 82' lang='lat' dir='ltr'>li.</span> <span class='ocrx_word' id='word_1_155' title='bbox 342 1763 490 1844; x_wconf 82' lang='lat' dir='ltr'>Virginis,</span> <span class='ocrx_word' id='word_1_156' title='bbox 520 1761 651 1842; x_wconf 88' lang='lat' dir='ltr'>quaein</span> <span class='ocrx_word' id='word_1_157' title='bbox 671 1760 865 1822; x_wconf 84' lang='lat' dir='ltr'>osleberrimo</span> <span class='ocrx_word' id='word_1_158' title='bbox 886 1759 947 1822; x_wconf 89' lang='lat' dir='ltr'>hoo</span> <span class='ocrx_word' id='word_1_159' title='bbox 965 1765 1084 1844; x_wconf 85' lang='lat' dir='ltr'>templo</span> <span class='ocrx_word' id='word_1_160' title='bbox 1105 1765 1264 1843; x_wconf 73' lang='lat' dir='ltr'>eolesam,</span> 
     </span>
     <span class='ocr_line' id='line_1_19' title="bbox 162 1845 1265 1932; baseline -0.005 -14"><span class='ocrx_word' id='word_1_161' title='bbox 162 1867 263 1920; x_wconf 86' lang='lat' dir='ltr'>exstat</span> <span class='ocrx_word' id='word_1_162' title='bbox 286 1852 437 1914; x_wconf 77' lang='lat' dir='ltr'>Manuelis</span> <span class='ocrx_word' id='word_1_163' title='bbox 464 1845 573 1907; x_wconf 89' lang='lat' dir='ltr'>Philae</span> <span class='ocrx_word' id='word_1_164' title='bbox 601 1847 803 1926; x_wconf 81' lang='lat' dir='ltr'>epigramma,</span> <span class='ocrx_word' id='word_1_165' title='bbox 834 1847 922 1910; x_wconf 79' lang='lat' dir='ltr'>errius</span> <span class='ocrx_word' id='word_1_166' title='bbox 948 1851 1108 1932; x_wconf 82' lang='lat' dir='ltr'>exemplar</span> <span class='ocrx_word' id='word_1_167' title='bbox 1132 1853 1265 1932; x_wconf 87' lang='lat' dir='ltr'>apposni,</span> 
     </span>
     <span class='ocr_line' id='line_1_20' title="bbox 164 1931 752 2025; baseline -0.02 -21"><span class='ocrx_word' id='word_1_168' title='bbox 164 1945 235 2025; x_wconf 83' lang='lat' dir='ltr'>quia</span> <span class='ocrx_word' id='word_1_169' title='bbox 257 1941 331 2002; x_wconf 88' lang='lat' dir='ltr'>alias</span> <span class='ocrx_word' id='word_1_170' title='bbox 352 1933 489 1998; x_wconf 86' lang='lat' dir='ltr'>nondum</span> <span class='ocrx_word' id='word_1_171' title='bbox 512 1931 628 1992; x_wconf 88' lang='lat' dir='ltr'>editum</span> <span class='ocrx_word' id='word_1_172' title='bbox 646 1941 701 1994; x_wconf 85' lang='lat' dir='ltr'>est.</span> <span class='ocrx_word' id='word_1_173' title='bbox 747 2001 752 2018; x_wconf 35' lang='grc' dir='ltr'>Ι</span> 
     </span>
    </p>

    <p class='ocr_par' dir='ltr' id='par_1_14' title="bbox 333 2029 788 2117">
     <span class='ocr_line' id='line_1_21' title="bbox 333 2029 788 2117; baseline 0.004 -21"><span class='ocrx_word' id='word_1_174' title='bbox 333 2091 335 2096; x_wconf 92' lang='grc'>.</span> <span class='ocrx_word' id='word_1_175' title='bbox 414 2037 460 2113; x_wconf 74' lang='grc' dir='ltr'>εἰς</span> <span class='ocrx_word' id='word_1_176' title='bbox 479 2029 584 2100; x_wconf 75' lang='grc' dir='ltr'>εἰκόνα</span> <span class='ocrx_word' id='word_1_177' title='bbox 602 2037 659 2116; x_wconf 73' lang='grc' dir='ltr'>τῆς</span> <span class='ocrx_word' id='word_1_178' title='bbox 677 2035 788 2117; x_wconf 74' lang='grc' dir='ltr'>πηγῆς.</span> 
     </span>
    </p>

    <p class='ocr_par' dir='ltr' id='par_1_15' title="bbox 329 2114 977 2206">
     <span class='ocr_line' id='line_1_22' title="bbox 329 2114 977 2206; baseline -0.005 -19"><span class='ocrx_word' id='word_1_179' title='bbox 329 2127 420 2206; x_wconf 75' lang='grc' dir='ltr'>Ζαῆς</span> <span class='ocrx_word' id='word_1_180' title='bbox 439 2117 497 2204; x_wconf 75' lang='lat' dir='ltr'>lya</span> <span class='ocrx_word' id='word_1_181' title='bbox 517 2119 617 2203; x_wconf 72' lang='grc' dir='ltr'><strong>βλέπω</strong></span> <span class='ocrx_word' id='word_1_182' title='bbox 638 2137 672 2182; x_wconf 84' lang='lat' dir='ltr'>os</span> <span class='ocrx_word' id='word_1_183' title='bbox 691 2114 811 2202; x_wconf 69' lang='grc' dir='ltr'><em>πηγήν,</em></span> <span class='ocrx_word' id='word_1_184' title='bbox 831 2114 977 2203; x_wconf 73' lang='grc' dir='ltr'><strong>παρθένε.</strong></span> 
     </span>
    </p>

    <p class='ocr_par' dir='ltr' id='par_1_16' title="bbox 327 2197 1042 2289">
     <span class='ocr_line' id='line_1_23' title="bbox 327 2197 1042 2289; baseline -0.003 -17"><span class='ocrx_word' id='word_1_185' title='bbox 327 2213 431 2272; x_wconf 74' lang='grc' dir='ltr'><strong>πᾶσαν</strong></span> <span class='ocrx_word' id='word_1_186' title='bbox 451 2202 550 2289; x_wconf 75' lang='grc' dir='ltr'>φλόγα</span> <span class='ocrx_word' id='word_1_187' title='bbox 571 2200 727 2286; x_wconf 71' lang='grc' dir='ltr'><strong><em>σβεννύεις</em></strong></span> <span class='ocrx_word' id='word_1_188' title='bbox 746 2200 861 2281; x_wconf 78' lang='grc' dir='ltr'>παντός</span> <span class='ocrx_word' id='word_1_189' title='bbox 879 2197 1042 2270; x_wconf 75' lang='grc' dir='ltr'>κιοόόνου·</span> 
     </span>
    </p>

    <p class='ocr_par' dir='ltr' id='par_1_17' title="bbox 328 2284 959 2374">
     <span class='ocr_line' id='line_1_24' title="bbox 328 2284 959 2374; baseline -0.002 -19"><span class='ocrx_word' id='word_1_190' title='bbox 328 2289 367 2356; x_wconf 83' lang='lat' dir='ltr'>od</span> <span class='ocrx_word' id='word_1_191' title='bbox 389 2289 446 2374; x_wconf 74' lang='lat' dir='ltr'>peip</span> <span class='ocrx_word' id='word_1_192' title='bbox 467 2284 635 2368; x_wconf 76' lang='grc' dir='ltr'>α’ναψόχεις</span> <span class='ocrx_word' id='word_1_193' title='bbox 655 2311 693 2370; x_wconf 78' lang='grc' dir='ltr'>με</span> <span class='ocrx_word' id='word_1_194' title='bbox 712 2295 776 2363; x_wconf 79' lang='grc' dir='ltr'>τοῖς</span> <span class='ocrx_word' id='word_1_195' title='bbox 794 2292 959 2373; x_wconf 75' lang='grc' dir='ltr'><strong>τεραστέοις</strong></span> 
     </span>
    </p>

    <p class='ocr_par' dir='ltr' id='par_1_18' title="bbox 326 2371 1156 2460">
     <span class='ocr_line' id='line_1_25' title="bbox 326 2371 1156 2460; baseline -0.008 -19"><span class='ocrx_word' id='word_1_196' title='bbox 326 2372 507 2460; x_wconf 78' lang='grc' dir='ltr'><strong>όφθαροέος</strong></span> <span class='ocrx_word' id='word_1_197' title='bbox 527 2372 663 2456; x_wconf 82' lang='grc' dir='ltr'><strong>φέρουσα</strong></span> <span class='ocrx_word' id='word_1_198' title='bbox 682 2377 747 2448; x_wconf 79' lang='grc' dir='ltr'><strong>τοῖς</strong></span> <span class='ocrx_word' id='word_1_199' title='bbox 765 2371 893 2451; x_wconf 74' lang='grc' dir='ltr'>κόλποις</span> <span class='ocrx_word' id='word_1_200' title='bbox 913 2371 1018 2458; x_wconf 76' lang='grc' dir='ltr'><strong>φλέβα.</strong></span> <span class='ocrx_word' id='word_1_201' title='bbox 1058 2373 1156 2435; x_wconf 74' lang='lat' dir='ltr'>hollo.</span> 
     </span>
    </p>

    <p class='ocr_par' dir='ltr' id='par_1_19' title="bbox 163 2465 1274 2818">
     <span class='ocr_line' id='line_1_26' title="bbox 246 2465 1269 2580; baseline -0.005 -37"><span class='ocrx_word' id='word_1_202' title='bbox 246 2499 279 2560; x_wconf 89' lang='lat' dir='ltr'>p.</span> <span class='ocrx_word' id='word_1_203' title='bbox 300 2480 362 2542; x_wconf 92' lang='lat'>111</span> <span class='ocrx_word' id='word_1_204' title='bbox 383 2497 412 2541; x_wconf 86' lang='lat' dir='ltr'>v.</span> <span class='ocrx_word' id='word_1_205' title='bbox 435 2479 464 2541; x_wconf 92' lang='lat'>1.</span> <span class='ocrx_word' id='word_1_206' title='bbox 506 2472 530 2555; x_wconf 73' lang='grc' dir='ltr'><em>ἦ</em></span> <span class='ocrx_word' id='word_1_207' title='bbox 550 2469 584 2538; x_wconf 81' lang='lat' dir='ltr'>tl</span> <span class='ocrx_word' id='word_1_208' title='bbox 604 2465 850 2580; x_wconf 77' lang='grc' dir='ltr'><strong>α’χειροποέρτος]</strong></span> <span class='ocrx_word' id='word_1_209' title='bbox 874 2473 935 2538; x_wconf 86' lang='lat' dir='ltr'>hoe</span> <span class='ocrx_word' id='word_1_210' title='bbox 956 2487 1016 2554; x_wconf 87' lang='lat' dir='ltr'>est,</span> <span class='ocrx_word' id='word_1_211' title='bbox 1037 2485 1069 2537; x_wconf 90' lang='lat' dir='ltr'>nt</span> <span class='ocrx_word' id='word_1_212' title='bbox 1089 2495 1145 2556; x_wconf 83' lang='lat' dir='ltr'>ego</span> <span class='ocrx_word' id='word_1_213' title='bbox 1165 2474 1269 2538; x_wconf 59' lang='lat' dir='ltr'>inters-</span> 
     </span>
     <span class='ocr_line' id='line_1_27' title="bbox 163 2553 1267 2645; baseline 0.001 -22"><span class='ocrx_word' id='word_1_214' title='bbox 163 2571 280 2645; x_wconf 90' lang='lat' dir='ltr'>pretor,</span> <span class='ocrx_word' id='word_1_215' title='bbox 302 2561 321 2627; x_wconf 86' lang='grc' dir='ltr'><strong><em>ό</em></strong></span> <span class='ocrx_word' id='word_1_216' title='bbox 341 2558 417 2638; x_wconf 75' lang='grc' dir='ltr'>ναός</span> <span class='ocrx_word' id='word_1_217' title='bbox 436 2562 492 2642; x_wconf 79' lang='grc' dir='ltr'>τῆς</span> <span class='ocrx_word' id='word_1_218' title='bbox 511 2553 741 2642; x_wconf 78' lang='grc' dir='ltr'><strong>όχειροποιητου</strong></span> <span class='ocrx_word' id='word_1_219' title='bbox 758 2553 878 2636; x_wconf 80' lang='grc' dir='ltr'><strong><em>εἰκόνος</em></strong></span> <span class='ocrx_word' id='word_1_220' title='bbox 893 2565 949 2627; x_wconf 81' lang='lat' dir='ltr'>sori</span> <span class='ocrx_word' id='word_1_221' title='bbox 966 2563 1104 2645; x_wconf 75' lang='grc' dir='ltr'>Χριστοῦ.</span> <span class='ocrx_word' id='word_1_222' title='bbox 1143 2560 1267 2624; x_wconf 78' lang='lat' dir='ltr'>ridetur</span> 
     </span>
     <span class='ocr_line' id='line_1_28' title="bbox 164 2645 1273 2730; baseline -0.003 -22"><span class='ocrx_word' id='word_1_223' title='bbox 164 2659 267 2709; x_wconf 88' lang='lat' dir='ltr'>autem</span> <span class='ocrx_word' id='word_1_224' title='bbox 292 2645 351 2708; x_wconf 85' lang='lat' dir='ltr'>hoo</span> <span class='ocrx_word' id='word_1_225' title='bbox 374 2649 524 2730; x_wconf 89' lang='lat' dir='ltr'>templum</span> <span class='ocrx_word' id='word_1_226' title='bbox 545 2665 563 2705; x_wconf 90' lang='lat' dir='ltr'>a</span> <span class='ocrx_word' id='word_1_227' title='bbox 583 2646 779 2707; x_wconf 75' lang='lat' dir='ltr'>Constantino</span> <span class='ocrx_word' id='word_1_228' title='bbox 800 2645 1060 2730; x_wconf 84' lang='lat' dir='ltr'>Porphyrogenito</span> <span class='ocrx_word' id='word_1_229' title='bbox 1081 2656 1273 2712; x_wconf 73' lang='lat' dir='ltr'>exstructum</span> 
     </span>
     <span class='ocr_line' id='line_1_29' title="bbox 163 2731 1274 2818; baseline -0.002 -22"><span class='ocrx_word' id='word_1_230' title='bbox 163 2735 273 2816; x_wconf 83' lang='lat' dir='ltr'>inisse,</span> <span class='ocrx_word' id='word_1_231' title='bbox 305 2755 365 2818; x_wconf 91' lang='lat' dir='ltr'>quo</span> <span class='ocrx_word' id='word_1_232' title='bbox 390 2735 556 2814; x_wconf 81' lang='lat' dir='ltr'>imperante</span> <span class='ocrx_word' id='word_1_233' title='bbox 577 2751 647 2793; x_wconf 82' lang='lat' dir='ltr'>oum</span> <span class='ocrx_word' id='word_1_234' title='bbox 668 2735 805 2794; x_wconf 86' lang='lat' dir='ltr'>Romano</span> <span class='ocrx_word' id='word_1_235' title='bbox 825 2735 960 2810; x_wconf 87' lang='lat' dir='ltr'>seniore,</span> <span class='ocrx_word' id='word_1_236' title='bbox 991 2753 1071 2794; x_wconf 90' lang='lat' dir='ltr'>anno</span> <span class='ocrx_word' id='word_1_237' title='bbox 1092 2743 1161 2813; x_wconf 91' lang='lat' dir='ltr'>post</span> <span class='ocrx_word' id='word_1_238' title='bbox 1180 2731 1274 2794; x_wconf 80' lang='lat' dir='ltr'>chri-</span> 
     </span>
    </p>
   </div>
   <div class='ocr_carea' id='block_1_14' title="bbox 164 2816 1372 2900">
    <p class='ocr_par' dir='ltr' id='par_1_20' title="bbox 164 2816 1372 2900">
     <span class='ocr_line' id='line_1_30' title="bbox 164 2816 1372 2900; baseline -0.003 -17"><span class='ocrx_word' id='word_1_239' title='bbox 164 2831 246 2883; x_wconf 84' lang='lat' dir='ltr'>stum</span> <span class='ocrx_word' id='word_1_240' title='bbox 266 2819 348 2897; x_wconf 75' lang='lat'>944,</span> <span class='ocrx_word' id='word_1_241' title='bbox 369 2821 469 2900; x_wconf 84' lang='lat' dir='ltr'>imago</span> <span class='ocrx_word' id='word_1_242' title='bbox 487 2816 599 2878; x_wconf 79' lang='lat' dir='ltr'>Christi</span> <span class='ocrx_word' id='word_1_243' title='bbox 619 2837 681 2877; x_wconf 92' lang='lat' dir='ltr'>non</span> <span class='ocrx_word' id='word_1_244' title='bbox 696 2817 870 2878; x_wconf 79' lang='lat' dir='ltr'>manufacta</span> <span class='ocrx_word' id='word_1_245' title='bbox 887 2839 928 2880; x_wconf 84' lang='lat' dir='ltr'>ex</span> <span class='ocrx_word' id='word_1_246' title='bbox 943 2819 1060 2880; x_wconf 80' lang='lat' dir='ltr'>Edessa</span> <span class='ocrx_word' id='word_1_247' title='bbox 1076 2818 1151 2877; x_wconf 90' lang='lat' dir='ltr'>urbe</span> <span class='ocrx_word' id='word_1_248' title='bbox 1168 2821 1273 2880; x_wconf 86' lang='lat' dir='ltr'>Meso-</span> <span class='ocrx_word' id='word_1_249' title='bbox 1367 2861 1372 2865; x_wconf 95' lang='lat'>-</span> 
     </span>
    </p>
   </div>
   <div class='ocr_carea' id='block_1_15' title="bbox 164 2903 1277 4272">
    <p class='ocr_par' dir='ltr' id='par_1_21' title="bbox 164 2903 1273 3414">
     <span class='ocr_line' id='line_1_31' title="bbox 164 2903 1273 2990; baseline -0.004 -21"><span class='ocrx_word' id='word_1_250' title='bbox 164 2909 316 2990; x_wconf 82' lang='lat' dir='ltr'>potamiae</span> <span class='ocrx_word' id='word_1_251' title='bbox 337 2908 456 2987; x_wconf 76' lang='lat' dir='ltr'>cpolim</span> <span class='ocrx_word' id='word_1_252' title='bbox 478 2905 621 2963; x_wconf 88' lang='lat' dir='ltr'>translata</span> <span class='ocrx_word' id='word_1_253' title='bbox 638 2913 692 2962; x_wconf 88' lang='lat' dir='ltr'>est.</span> <span class='ocrx_word' id='word_1_254' title='bbox 735 2903 874 2964; x_wconf 87' lang='lat' dir='ltr'>similiter</span> <span class='ocrx_word' id='word_1_255' title='bbox 886 2907 946 2965; x_wconf 87' lang='lat' dir='ltr'>fuit</span> <span class='ocrx_word' id='word_1_256' title='bbox 961 2907 1053 2965; x_wconf 88' lang='lat' dir='ltr'>etiam</span> <span class='ocrx_word' id='word_1_257' title='bbox 1066 2923 1161 2985; x_wconf 85' lang='lat' dir='ltr'>prope</span> <span class='ocrx_word' id='word_1_258' title='bbox 1174 2907 1273 2965; x_wconf 83' lang='lat' dir='ltr'>Gaba·</span> 
     </span>
     <span class='ocr_line' id='line_1_32' title="bbox 164 2983 1272 3074; baseline 0.002 -22"><span class='ocrx_word' id='word_1_259' title='bbox 164 2993 229 3052; x_wconf 88' lang='lat' dir='ltr'>lam</span> <span class='ocrx_word' id='word_1_260' title='bbox 249 2991 399 3053; x_wconf 73' lang='lat' dir='ltr'>Thraciae</span> <span class='ocrx_word' id='word_1_261' title='bbox 420 2990 572 3051; x_wconf 80' lang='lat' dir='ltr'>civitatem</span> <span class='ocrx_word' id='word_1_262' title='bbox 588 2989 803 3048; x_wconf 87' lang='lat' dir='ltr'>monasterium</span> <span class='ocrx_word' id='word_1_263' title='bbox 821 2992 1066 3068; x_wconf 81' lang='lat' dir='ltr'>cognominatum</span> <span class='ocrx_word' id='word_1_264' title='bbox 1082 2993 1138 3070; x_wconf 80' lang='grc' dir='ltr'>τῆς</span> <span class='ocrx_word' id='word_1_265' title='bbox 1154 2983 1272 3074; x_wconf 78' lang='grc' dir='ltr'><strong>α’χειρο-</strong></span> 
     </span>
     <span class='ocr_line' id='line_1_33' title="bbox 164 3071 1272 3159; baseline -0.004 -19"><span class='ocrx_word' id='word_1_266' title='bbox 164 3072 294 3156; x_wconf 72' lang='lat' dir='ltr'>nonime</span> <span class='ocrx_word' id='word_1_267' title='bbox 320 3073 486 3151; x_wconf 80' lang='grc' dir='ltr'><strong>θεοοόκου,</strong></span> <span class='ocrx_word' id='word_1_268' title='bbox 516 3072 599 3156; x_wconf 86' lang='lat' dir='ltr'>qnod</span> <span class='ocrx_word' id='word_1_269' title='bbox 623 3075 725 3154; x_wconf 84' lang='lat' dir='ltr'>imago</span> <span class='ocrx_word' id='word_1_270' title='bbox 751 3075 789 3134; x_wconf 89' lang='lat' dir='ltr'>B.</span> <span class='ocrx_word' id='word_1_271' title='bbox 813 3077 946 3156; x_wconf 84' lang='lat' dir='ltr'>Virginis</span> <span class='ocrx_word' id='word_1_272' title='bbox 974 3071 1202 3159; x_wconf 79' lang='grc' dir='ltr'><strong>οἷχειροποέητος</strong></span> <span class='ocrx_word' id='word_1_273' title='bbox 1227 3077 1272 3136; x_wconf 88' lang='lat' dir='ltr'>ibi</span> 
     </span>
     <span class='ocr_line' id='line_1_34' title="bbox 166 3159 1271 3244; baseline 0.001 -24"><span class='ocrx_word' id='word_1_274' title='bbox 166 3171 377 3222; x_wconf 74' lang='lat' dir='ltr'>asservaretur.</span> <span class='ocrx_word' id='word_1_275' title='bbox 419 3159 528 3244; x_wconf 85' lang='lat' dir='ltr'>quodsi</span> <span class='ocrx_word' id='word_1_276' title='bbox 555 3179 661 3222; x_wconf 83' lang='lat' dir='ltr'>rerum</span> <span class='ocrx_word' id='word_1_277' title='bbox 689 3169 735 3220; x_wconf 84' lang='lat' dir='ltr'>est</span> <span class='ocrx_word' id='word_1_278' title='bbox 762 3159 912 3221; x_wconf 79' lang='lat' dir='ltr'>(lodinum</span> <span class='ocrx_word' id='word_1_279' title='bbox 939 3161 991 3224; x_wconf 85' lang='lat' dir='ltr'>hio</span> <span class='ocrx_word' id='word_1_280' title='bbox 1016 3161 1054 3222; x_wconf 86' lang='lat' dir='ltr'>de</span> <span class='ocrx_word' id='word_1_281' title='bbox 1075 3162 1271 3221; x_wconf 82' lang='lat' dir='ltr'>Constantino</span> 
     </span>
     <span class='ocr_line' id='line_1_35' title="bbox 165 3243 1271 3330; baseline 0.006 -26"><span class='ocrx_word' id='word_1_282' title='bbox 165 3263 277 3326; x_wconf 86' lang='lat' dir='ltr'>magno</span> <span class='ocrx_word' id='word_1_283' title='bbox 305 3248 406 3330; x_wconf 88' lang='lat' dir='ltr'>loqui,</span> <span class='ocrx_word' id='word_1_284' title='bbox 438 3248 498 3306; x_wconf 87' lang='lat' dir='ltr'>alia</span> <span class='ocrx_word' id='word_1_285' title='bbox 519 3243 690 3328; x_wconf 87' lang='lat' dir='ltr'>quaerenda</span> <span class='ocrx_word' id='word_1_286' title='bbox 710 3247 768 3307; x_wconf 86' lang='lat' dir='ltr'>erit</span> <span class='ocrx_word' id='word_1_287' title='bbox 787 3249 994 3330; x_wconf 85' lang='lat' dir='ltr'>interpretatio</span> <span class='ocrx_word' id='word_1_288' title='bbox 1015 3248 1177 3311; x_wconf 81' lang='lat' dir='ltr'>verborum</span> <span class='ocrx_word' id='word_1_289' title='bbox 1194 3244 1217 3328; x_wconf 71' lang='lat' dir='ltr'>af</span> <span class='ocrx_word' id='word_1_290' title='bbox 1235 3243 1271 3310; x_wconf 79' lang='lat' dir='ltr'>di</span> 
     </span>
     <span class='ocr_line' id='line_1_36' title="bbox 165 3325 538 3414; baseline 0 -20"><span class='ocrx_word' id='word_1_291' title='bbox 165 3325 400 3414; x_wconf 75' lang='grc' dir='ltr'><strong>όχειροποέητος.</strong></span> <span class='ocrx_word' id='word_1_292' title='bbox 441 3335 538 3394; x_wconf 77' lang='lat' dir='ltr'>hm.</span> 
     </span>
    </p>

    <p class='ocr_par' dir='ltr' id='par_1_22' title="bbox 166 3409 1275 3840">
     <span class='ocr_line' id='line_1_37' title="bbox 249 3409 1273 3502; baseline -0.006 -21"><span class='ocrx_word' id='word_1_293' title='bbox 249 3437 281 3498; x_wconf 81' lang='lat' dir='ltr'>p.</span> <span class='ocrx_word' id='word_1_294' title='bbox 303 3420 363 3481; x_wconf 94' lang='lat'>111</span> <span class='ocrx_word' id='word_1_295' title='bbox 384 3438 414 3478; x_wconf 80' lang='lat' dir='ltr'>v.</span> <span class='ocrx_word' id='word_1_296' title='bbox 436 3421 486 3483; x_wconf 92' lang='lat'>11.</span> <span class='ocrx_word' id='word_1_297' title='bbox 527 3419 590 3479; x_wconf 79' lang='lat' dir='ltr'>reio</span> <span class='ocrx_word' id='word_1_298' title='bbox 611 3412 705 3500; x_wconf 77' lang='grc' dir='ltr'>όγέον</span> <span class='ocrx_word' id='word_1_299' title='bbox 725 3409 922 3502; x_wconf 76' lang='grc' dir='ltr'>όνοργόραν]</span> <span class='ocrx_word' id='word_1_300' title='bbox 951 3421 986 3480; x_wconf 90' lang='lat' dir='ltr'>in</span> <span class='ocrx_word' id='word_1_301' title='bbox 1012 3415 1100 3481; x_wconf 89' lang='lat' dir='ltr'>oodd.</span> <span class='ocrx_word' id='word_1_302' title='bbox 1125 3419 1193 3478; x_wconf 89' lang='lat' dir='ltr'>Vat.</span> <span class='ocrx_word' id='word_1_303' title='bbox 1216 3413 1273 3476; x_wconf 88' lang='lat' dir='ltr'>ad-</span> 
     </span>
     <span class='ocr_line' id='line_1_38' title="bbox 167 3499 1274 3585; baseline -0.005 -21"><span class='ocrx_word' id='word_1_304' title='bbox 167 3499 248 3564; x_wconf 82' lang='lat' dir='ltr'>ditur</span> <span class='ocrx_word' id='word_1_305' title='bbox 268 3499 305 3566; x_wconf 79' lang='grc' dir='ltr'>τό</span> <span class='ocrx_word' id='word_1_306' title='bbox 326 3501 465 3585; x_wconf 75' lang='grc' dir='ltr'><strong>βραχέος,</strong></span> <span class='ocrx_word' id='word_1_307' title='bbox 485 3523 595 3584; x_wconf 88' lang='lat' dir='ltr'>nempe</span> <span class='ocrx_word' id='word_1_308' title='bbox 614 3513 650 3562; x_wconf 91' lang='lat' dir='ltr'>ut</span> <span class='ocrx_word' id='word_1_309' title='bbox 669 3505 819 3584; x_wconf 84' lang='lat' dir='ltr'>templum</span> <span class='ocrx_word' id='word_1_310' title='bbox 840 3505 872 3565; x_wconf 83' lang='lat' dir='ltr'>S.</span> <span class='ocrx_word' id='word_1_311' title='bbox 890 3507 1019 3567; x_wconf 80' lang='lat' dir='ltr'>cosmae</span> <span class='ocrx_word' id='word_1_312' title='bbox 1042 3515 1073 3566; x_wconf 87' lang='lat' dir='ltr'>et</span> <span class='ocrx_word' id='word_1_313' title='bbox 1091 3503 1234 3562; x_wconf 87' lang='lat' dir='ltr'>Damiani</span> <span class='ocrx_word' id='word_1_314' title='bbox 1255 3521 1274 3561; x_wconf 88' lang='lat' dir='ltr'>a</span> 
     </span>
     <span class='ocr_line' id='line_1_39' title="bbox 166 3587 1275 3671; baseline -0.001 -23"><span class='ocrx_word' id='word_1_315' title='bbox 166 3589 296 3648; x_wconf 85' lang='lat' dir='ltr'>Paulino</span> <span class='ocrx_word' id='word_1_316' title='bbox 318 3587 508 3648; x_wconf 78' lang='lat' dir='ltr'>aedificatum</span> <span class='ocrx_word' id='word_1_317' title='bbox 529 3588 680 3649; x_wconf 82' lang='lat' dir='ltr'>diversum</span> <span class='ocrx_word' id='word_1_318' title='bbox 702 3609 767 3650; x_wconf 88' lang='lat' dir='ltr'>esse</span> <span class='ocrx_word' id='word_1_319' title='bbox 789 3602 931 3671; x_wconf 88' lang='lat' dir='ltr'>appareat</span> <span class='ocrx_word' id='word_1_320' title='bbox 953 3593 990 3652; x_wconf 88' lang='lat' dir='ltr'>ab</span> <span class='ocrx_word' id='word_1_321' title='bbox 1009 3593 1104 3652; x_wconf 87' lang='lat' dir='ltr'>altero</span> <span class='ocrx_word' id='word_1_322' title='bbox 1122 3587 1204 3670; x_wconf 90' lang='lat' dir='ltr'>quod</span> <span class='ocrx_word' id='word_1_323' title='bbox 1218 3589 1275 3647; x_wconf 67' lang='lat' dir='ltr'>iis-</span> 
     </span>
     <span class='ocr_line' id='line_1_40' title="bbox 169 3671 1275 3757; baseline -0.001 -23"><span class='ocrx_word' id='word_1_324' title='bbox 169 3671 240 3734; x_wconf 88' lang='lat' dir='ltr'>dem</span> <span class='ocrx_word' id='word_1_325' title='bbox 260 3676 371 3734; x_wconf 85' lang='lat' dir='ltr'>sanetis</span> <span class='ocrx_word' id='word_1_326' title='bbox 391 3674 499 3734; x_wconf 90' lang='lat' dir='ltr'>eodem</span> <span class='ocrx_word' id='word_1_327' title='bbox 518 3685 654 3756; x_wconf 88' lang='lat' dir='ltr'>tempore</span> <span class='ocrx_word' id='word_1_328' title='bbox 675 3693 694 3734; x_wconf 87' lang='lat' dir='ltr'>a</span> <span class='ocrx_word' id='word_1_329' title='bbox 713 3677 819 3736; x_wconf 84' lang='lat' dir='ltr'>Proelo</span> <span class='ocrx_word' id='word_1_330' title='bbox 839 3677 1010 3757; x_wconf 83' lang='lat' dir='ltr'>patriarcha</span> <span class='ocrx_word' id='word_1_331' title='bbox 1024 3680 1058 3738; x_wconf 92' lang='lat' dir='ltr'>in</span> <span class='ocrx_word' id='word_1_332' title='bbox 1073 3677 1142 3736; x_wconf 90' lang='lat' dir='ltr'>looo</span> <span class='ocrx_word' id='word_1_333' title='bbox 1156 3693 1275 3734; x_wconf 86' lang='lat' dir='ltr'>nunon-</span> 
     </span>
     <span class='ocr_line' id='line_1_41' title="bbox 168 3761 1272 3840; baseline 0.003 -21"><span class='ocrx_word' id='word_1_334' title='bbox 168 3769 240 3840; x_wconf 88' lang='lat' dir='ltr'>pato</span> <span class='ocrx_word' id='word_1_335' title='bbox 260 3771 416 3840; x_wconf 72' lang='lat' dir='ltr'>zeugmate</span> <span class='ocrx_word' id='word_1_336' title='bbox 437 3771 624 3821; x_wconf 77' lang='lat' dir='ltr'>exstructum</span> <span class='ocrx_word' id='word_1_337' title='bbox 641 3761 710 3821; x_wconf 86' lang='lat' dir='ltr'>fuit.</span> <span class='ocrx_word' id='word_1_338' title='bbox 751 3763 850 3822; x_wconf 77' lang='lat' dir='ltr'>haran.</span> <span class='ocrx_word' id='word_1_339' title='bbox 1268 3765 1272 3776; x_wconf 80' lang='grc'><strong>“</strong></span> 
     </span>
    </p>

    <p class='ocr_par' dir='ltr' id='par_1_23' title="bbox 168 3843 1276 4122">
     <span class='ocr_line' id='line_1_42' title="bbox 250 3843 1275 3930; baseline -0.008 -21"><span class='ocrx_word' id='word_1_340' title='bbox 250 3867 282 3927; x_wconf 90' lang='lat' dir='ltr'>p.</span> <span class='ocrx_word' id='word_1_341' title='bbox 305 3848 367 3909; x_wconf 79' lang='lat'>112</span> <span class='ocrx_word' id='word_1_342' title='bbox 387 3867 416 3906; x_wconf 81' lang='lat' dir='ltr'>r.</span> <span class='ocrx_word' id='word_1_343' title='bbox 439 3849 490 3914; x_wconf 88' lang='lat'>10.</span> <span class='ocrx_word' id='word_1_344' title='bbox 531 3843 585 3912; x_wconf 83' lang='grc' dir='ltr'>τόν</span> <span class='ocrx_word' id='word_1_345' title='bbox 606 3843 760 3911; x_wconf 77' lang='grc' dir='ltr'><strong><em>σκοτεινόν</em></strong></span> <span class='ocrx_word' id='word_1_346' title='bbox 778 3847 918 3929; x_wconf 76' lang='grc' dir='ltr'>κοχλίαν]</span> <span class='ocrx_word' id='word_1_347' title='bbox 943 3859 1017 3930; x_wconf 85' lang='lat' dir='ltr'>puto</span> <span class='ocrx_word' id='word_1_348' title='bbox 1037 3844 1090 3907; x_wconf 89' lang='lat' dir='ltr'>hio</span> <span class='ocrx_word' id='word_1_349' title='bbox 1111 3843 1275 3925; x_wconf 74' lang='lat' dir='ltr'>significari</span> 
     </span>
     <span class='ocr_line' id='line_1_43' title="bbox 169 3929 1276 4014; baseline 0 -26"><span class='ocrx_word' id='word_1_350' title='bbox 169 3931 284 3990; x_wconf 77' lang='lat' dir='ltr'>scalam</span> <span class='ocrx_word' id='word_1_351' title='bbox 305 3929 488 4008; x_wconf 72' lang='lat' dir='ltr'>cochlidem,</span> <span class='ocrx_word' id='word_1_352' title='bbox 508 3953 562 4013; x_wconf 87' lang='lat' dir='ltr'>per</span> <span class='ocrx_word' id='word_1_353' title='bbox 579 3951 671 4014; x_wconf 87' lang='lat' dir='ltr'>quam</span> <span class='ocrx_word' id='word_1_354' title='bbox 687 3933 867 3994; x_wconf 86' lang='lat' dir='ltr'>transibatnr</span> <span class='ocrx_word' id='word_1_355' title='bbox 880 3945 995 3994; x_wconf 81' lang='lat' dir='ltr'>secreto</span> <span class='ocrx_word' id='word_1_356' title='bbox 1011 3953 1052 3994; x_wconf 85' lang='lat' dir='ltr'>ex</span> <span class='ocrx_word' id='word_1_357' title='bbox 1065 3929 1276 4013; x_wconf 85' lang='lat' dir='ltr'>Hippodromo</span> 
     </span>
     <span class='ocr_line' id='line_1_44' title="bbox 168 4014 1276 4122; baseline 0.01 -49"><span class='ocrx_word' id='word_1_358' title='bbox 168 4014 202 4073; x_wconf 85' lang='lat' dir='ltr'>in</span> <span class='ocrx_word' id='word_1_359' title='bbox 229 4019 391 4077; x_wconf 84' lang='lat' dir='ltr'>Palatium.</span> <span class='ocrx_word' id='word_1_360' title='bbox 431 4016 502 4076; x_wconf 79' lang='lat' dir='ltr'>ride</span> <span class='ocrx_word' id='word_1_361' title='bbox 522 4035 600 4098; x_wconf 89' lang='lat' dir='ltr'>quae</span> <span class='ocrx_word' id='word_1_362' title='bbox 621 4038 713 4122; x_wconf 86' lang='lat' dir='ltr'>supra</span> <span class='ocrx_word' id='word_1_363' title='bbox 732 4021 834 4080; x_wconf 79' lang='lat' dir='ltr'>notavi</span> <span class='ocrx_word' id='word_1_364' title='bbox 855 4017 894 4078; x_wconf 85' lang='lat' dir='ltr'>ad</span> <span class='ocrx_word' id='word_1_365' title='bbox 914 4041 945 4101; x_wconf 92' lang='lat' dir='ltr'>p.</span> <span class='ocrx_word' id='word_1_366' title='bbox 966 4021 1008 4084; x_wconf 78' lang='lat'>92</span> <span class='ocrx_word' id='word_1_367' title='bbox 1028 4039 1057 4078; x_wconf 81' lang='lat' dir='ltr'>v.</span> <span class='ocrx_word' id='word_1_368' title='bbox 1080 4020 1131 4083; x_wconf 86' lang='lat'>15.</span> <span class='ocrx_word' id='word_1_369' title='bbox 1175 4019 1276 4076; x_wconf 63' lang='lat' dir='ltr'>lem·</span> 
     </span>
    </p>

    <p class='ocr_par' dir='ltr' id='par_1_24' title="bbox 169 4095 1277 4272">
     <span class='ocr_line' id='line_1_45' title="bbox 252 4095 1276 4182; baseline 0.003 -16"><span class='ocrx_word' id='word_1_370' title='bbox 252 4103 489 4181; x_wconf 80' lang='lat' dir='ltr'>p.112v.17.</span> <span class='ocrx_word' id='word_1_371' title='bbox 532 4095 752 4181; x_wconf 77' lang='grc' dir='ltr'>όπεκεφαλιοον</span> <span class='ocrx_word' id='word_1_372' title='bbox 785 4099 897 4182; x_wconf 82' lang='grc' dir='ltr'>ου’τόν]</span> <span class='ocrx_word' id='word_1_373' title='bbox 934 4105 1130 4164; x_wconf 78' lang='lat' dir='ltr'>Marcellinus</span> <span class='ocrx_word' id='word_1_374' title='bbox 1164 4103 1276 4162; x_wconf 74' lang='lat' dir='ltr'>Oomet</span> 
     </span>
     <span class='ocr_line' id='line_1_46' title="bbox 169 4178 1277 4272; baseline 0.005 -29"><span class='ocrx_word' id='word_1_375' title='bbox 169 4178 332 4246; x_wconf 63' lang='lat' dir='ltr'>Paulinum</span> <span class='ocrx_word' id='word_1_376' title='bbox 352 4187 528 4268; x_wconf 86' lang='lat' dir='ltr'>magistrum</span> <span class='ocrx_word' id='word_1_377' title='bbox 548 4187 713 4248; x_wconf 80' lang='lat' dir='ltr'>officiorum</span> <span class='ocrx_word' id='word_1_378' title='bbox 730 4190 852 4251; x_wconf 88' lang='lat' dir='ltr'>iubente</span> <span class='ocrx_word' id='word_1_379' title='bbox 866 4186 1042 4254; x_wconf 80' lang='lat' dir='ltr'>Theodosio</span> <span class='ocrx_word' id='word_1_380' title='bbox 1055 4191 1277 4272; x_wconf 86' lang='lat' dir='ltr'>interemptum</span> 
     </span>
    </p>
   </div>
   <div class='ocr_carea' id='block_1_16' title="bbox 0 0 1422 4608">
    <p class='ocr_par' dir='ltr' id='par_1_25' title="bbox 0 0 1422 4608">
     <span class='ocr_line' id='line_1_47' title="bbox 0 0 1422 4608; baseline 0 0"><span class='ocrx_word' id='word_1_381' title='bbox 0 0 1422 4608; x_wconf 95' lang='lat' dir='ltr'> </span> 
     </span>
    </p>
   </div>
  </div>
 </body>
</html>
