2802 4636
159 299 209 371 84
495 289 712 364 GEORGlUS
739 287 926 357 GODlNUS

159 491 274 570 πολλῆς
299 479 391 568 δόξης
406 484 438 548 ἐν
453 492 517 560 τοῖς
531 479 654 571 χρόνοις
669 485 724 546 τοῦ
740 475 952 560 Λεωμακίλου
969 475 1021 538 ναὶ
1037 478 1092 539 τοῦ
1111 468 1269 558 Ζήνωνος.

159 585 350 681 τυραννήσας
373 588 407 652 δέ
430 583 446 652 6
471 587 563 664 αὐτὸς
580 584 680 662 Ἴλλος
702 585 752 647 καὶ
777 588 853 646 λαοῦ
876 578 1030 666 ἀθροίσας
1053 575 1270 660 ἐβδομήκοντα

154 693 300 782 χιλιάδας
329 691 373 769 εἷς
401 687 583 773 Ἀντιόχειαν
612 688 667 771 τὴν
696 681 830 772 μεγάλην
862 683 972 771 ἇντῇρε
1001 681 1080 747 κατά
1111 679 1269 764 Ζήνωνος.

120 798 176 866 Βὸ
200 799 234 863 δέ
258 791 367 880 Ζήνων
390 794 543 860 ἀπέστειλε
567 794 722 877 Λογγῖνον
745 785 914 873 μάγιστρον
936 785 989 853 τόν
1012 784 1148 872 ἀδελφὸν
1170 784 1270 851 αὐτοῦ

158 907 330 985 πολεμῆσαι
362 897 462 985 ocimi,
496 899 547 962 καί
580 899 739 979 συμβολῆς
768 891 928 978 γενομένης
957 885 1079 973 ἡττήθη
1108 889 1293 974 Λογγῖνοςε,

157 1005 285 1091 πλησίον
307 1003 488 1086 Ἀντιοχείας
510 1005 565 1084 τῆς
588 995 739 1085 μεγάλης,
765 998 816 1062 καί
842 992 938 1079 μόλις
954 991 1048 1076 μόνος
1070 989 1207 1077 διεσιόθη
1233 995 1268 1058 ἐν

157 1116 195 1196 τῇ
224 1106 389 1196 Ἀντιοχείᾳ
395 1154 406 1185 ,
445 1111 500 1170 τοῦ
530 1110 606 1169 λαοῦ
641 1102 736 1167 αὐτοῦ
769 1098 881 1176 παντὸς
912 1096 1175 1184 κατασφαγέντος,
1215 1099 1267 1160 καὶ

158 1207 430 1278 κατεδυνάστευσεν
453 1205 470 1272 6
491 1205 590 1284 ’Ὶλλος
612 1202 748 1293 σφόδρα.
799 1202 878 1268 ἀλλὰ
902 1203 954 1268 καί
977 1198 1069 1266 πάλιν
1093 1199 1269 1266 ἀπέστειλεν

159 1314 176 1380 6
194 1313 304 1398 Ζήνων
316 1311 459 1396 Ἰωάννην
474 1313 648 1395 πατρίκιον,
675 1309 798 1391 ἐπίκλην
815 1303 942 1394 κυρτόν,
967 1305 1046 1388 μετὰ
1063 1308 1199 1370 Σκυθῶν
1216 1306 1269 1368 καὶ

158 1415 362 1486 Μακεδόνων.
413 1416 464 1480 καὶ
488 1416 519 1480 ἐν
542 1413 687 1502 Σελευκίρ
710 1411 879 1494 συμβαλὼν
902 1406 1034 1492 πόλεμον
1059 1407 1138 1490 μετὰ
1163 1405 1308 1476 ’dilavio

159 1524 291 1606 ἐνίκησεν
308 1518 402 1584 αὐτόν
419 1517 497 1584 κατὰ
515 1515 640 1604 κράτος·
666 1517 718 1582 καὶ
735 1512 841 1601 φυγὼν
857 1511 874 1578 6
894 1511 994 1590 ’illoc
1011 1512 1053 1587 είς
1069 1537 1100 1574 τι
1119 1508 1269 1600 φρούριον

158 1621 319 1712 παρεδόθη
344 1620 404 1688 6⁷16
429 1629 490 1687 τῶν
515 1622 630 1686 οἰκείων
655 1619 751 1684 ovito&
776 1613 911 1696 δοόλων,
943 1619 994 1682 καὶ
1020 1612 1185 1700 ἀπετμήθη
1212 1615 1268 1700 τὴν

160 1728 296 1815 κεφαλὴν
322 1725 408 1813 παρὰ
429 1721 570 1790 Ἰωάννου
599 1728 655 1788 τοῦ
677 1721 835 1810 ῥηθέντος.
886 1717 1114 1803 συλλαβόμενος
1138 1719 1172 1784 δὲ
1194 1719 1269 1797 τοὺς

124 1831 331 1918 (Βάρχοντας,
357 1831 410 1894 καὶ
432 1827 490 1912 τήν
514 1827 650 1914 κεφαλὴν
664 1825 766 1890 Ἴλλου
789 1825 838 1890 ἐπὶ
861 1821 992 1912 δόρατος
1014 1822 1119 1908 ἤνεγκε
1136 1818 1268 1908 Ζήνωνι.

160 1932 340 2023 ἐτυράννησε
358 1933 392 1998 δὲ
408 1928 425 1996 6
443 1931 542 2008 Ἴλλος
556 1937 658 2016 μῆνας
676 1929 770 1995 εἰκοσι
787 1929 829 2006 ἐξ.
1273 1939 1307 1992 15

264 2037 312 2104 T6
345 2037 379 2102 δὲ
406 2033 593 2119 καλούμενον
619 2031 823 2100 Φωκόλισθον
846 2031 969 2117 λέγουσί
990 2057 1067 2108 τινες
1090 2029 1170 2098 otro
1192 2039 1268 2117 κλη-

160 2147 255 2226 θῆναι
262 2189 272 2220 ,
298 2138 345 2205 δτι
371 2142 468 2208 dont
490 2145 545 2205 τοῧ
567 2135 716 2224 τυράννου
734 2135 787 2224 ἐφ’
804 2139 900 2202 ἵππου
918 2138 1096 2217 βαδίζοντος
1112 2135 1269 2221 ὠλίσθησε

160 2245 195 2308 τὸ
214 2243 323 2326 άλογον
341 2241 434 2306 αὐτοῦ
453 2243 545 2306 ἐκεῖσε
559 2243 609 2306 καί
623 2239 735 2306 ἔπεσεν.
787 2236 803 2303 6
818 2240 852 2304 δὲ
864 2237 1054 2326 Πανόδωρυς
1067 2236 1083 2304 6
1097 2238 1270 2324 Αίγόπτιος

161 2348 212 2410 καὶ
240 2341 402 2428 Θεόδωρος
427 2340 442 2406 6
464 2341 602 2425 Θηβαῖος
619 2341 790 2428 φιλόσοφος
807 2343 901 2429 φασὶν
920 2341 966 2408 ὅτι
983 2343 1043 2428 πρὸ
1059 2349 1114 2408 τοῦ
1130 2340 1266 2428 μεγάλου

164 2447 395 2514 Κωνσταντίνου
419 2442 435 2511 6
460 2443 552 2522 τόπος
569 2436 658 2521 οὗτος
674 2443 789 2523 ἔξωθεν
805 2451 861 2529 τῆς
876 2443 992 2524 πόλεως
1008 2439 1062 2530 ἦν,
1088 2449 1137 2511 καὶ
1154 2449 1309 2532 λησταὶλθ
1383 2436 1386 2477 ³

163 2553 269 2616 πολλοὶ
292 2543 371 2634 ήσαν
396 2551 488 2616 ἐκεΐσε
506 2551 556 2614 καὶ
573 2547 704 2624 πολλοὺς
719 2555 780 2614 τῶν
797 2551 972 2628 Βυζαντίων
988 2547 1144 2637 ἐφόνευον.
1194 2548 1268 2616 ὅδὲ
1385 2572 1386 2581 ’

162 2655 256 2738 μίγας
273 2655 501 2732 Κωνσταντῖνος
517 2651 593 2738 μετὰ
611 2653 647 2718 τό
664 2658 814 2739 κρατήσαι
831 2655 881 2718 καὶ
898 2642 997 2720 κτίσαι
1013 2652 1070 2737 τήν
1086 2651 1174 2720 πόλιν
1190 2660 1267 2720 πολ-

230 2869 264 2925 ω
282 2863 408 2938 colom]
427 2861 588 2934 ιιοροιωι
605 2867 638 2920 c.
739 2868 773 2922 16
790 2885 818 2938 p.
835 2849 871 2922 344
888 2867 973 2922 nano.
1069 2863 1104 2920 18
1121 2859 1136 2920 ὁ
1156 2858 1189 2918 ot
1208 2864 1266 2932 m]

231 2936 330 3001 καθώς
346 2953 414 3005 φησι
431 2933 603 3002 Πανόδαρος
620 2932 635 2990 6
653 2931 811 3004 Αίγόπτιος.
841 2931 856 2988 6
876 2930 908 2988 δὲ
928 2931 1074 3006 Θεόδωρος
1091 2963 1124 2978 -
1143 2931 1212 3004 φησί
1232 2935 1265 2988 0.

230 3004 245 3061 6
266 3005 431 3076 Αἰγύπτιος]
450 3001 465 3058 6
484 3002 670 3075 πρεσβύτερος
687 3001 834 3073 αἰγάπτιος
851 3005 915 3060 Vat.
1024 3019 1027 3024 '

162 3192 330 3262 περίστειλον
354 3196 472 3261 tempore
494 3191 591 3246 Leonis
614 3193 719 3246 Macelli
741 3199 770 3246 ct
792 3192 918 3246 Zenonis.
952 3191 1022 3246 idem
1045 3192 1108 3245 Illuc
1129 3191 1267 3262 imparium

160 3262 273 3329 invasit,
295 3267 324 3314 et
346 3262 463 3314 collectis
487 3281 520 3315 cx
543 3262 639 3332 popolo
658 3263 745 3318 70000
760 3263 868 3316 militum
885 3262 1015 3316 adversus
1031 3261 1164 3314 Zenonem
1181 3260 1268 3314 inaur-

160 3332 247 3399 rexit,
272 3331 317 3400 qui
333 3331 366 3384 ad
382 3331 466 3414 ipsum
483 3331 664 3384 debellandum
680 3331 816 3401 ablegavit
831 3335 938 3386 fratrem
955 3347 1029 3385 annm
1047 3331 1194 3400 Longinum
1210 3349 1269 3384 ma-

179 3402 281 3454 'trum
316 3418 450 3454 commmao
477 3406 564 3454 autem
587 3401 686 3486 praelio
709 3403 780 3472 apad
797 3409 915 3471 magnam
933 3401 1098 3454 Antiochiam
1116 3401 1204 3453 victos
1223 3406 1269 3453 eat

185 3470 311 3539 onginnn,
336 3476 366 3522 et
385 3470 431 3524 vix
454 3471 526 3522 colna
550 3487 673 3524 universo
699 3471 786 3525 deleto
810 3471 929 3524 exercitu
953 3470 1108 3523 Antiochiae
1127 3471 1192 3538 iuga
1210 3487 1268 3522 aer-

160 3545 240 3592 τοῖσι
264 3545 315 3592 eat.
350 3556 440 3592 varum
464 3540 536 3592 Zeno
554 3540 648 3593 iterum
664 3541 786 3594 Ioannem
802 3540 939 3611 patricium
956 3545 1128 3610 cognomento
1148 3540 1267 3592 curvum

161 3607 232 3661 miait
249 3625 306 3662 cum
322 3625 415 3678 magna
435 3609 593 3678 Scytharum
613 3615 642 3662 et
659 3611 833 3664 Macedonum
849 3627 940 3674 πασας
964 3627 1022 3662 cnm
1039 3625 1091 3678 quo
1109 3625 1268 3678 congrcaana

160 3677 223 3730 lllua
246 3676 274 3728 in
297 3677 419 3732 Seleucia
441 3677 543 3732 omnino
566 3679 686 3733 devictus
709 3687 767 3734 eat:
793 3680 840 3733 aed
859 3681 925 3749 iuga
940 3679 968 3731 in
985 3679 1113 3748 quoddam
1130 3676 1267 3731 castellum

160 3747 281 3816 clapsus,
306 3752 334 3800 et
352 3765 369 3800 a
386 3748 501 3818 propriis
517 3748 602 3802 cervi·
620 3749 755 3818 proditus,
779 3751 853 3803 inaau
870 3748 1015 3820 supradicti
1031 3747 1135 3801 Ioamnia
1152 3747 1268 3800 decolla-

158 3821 204 3868 tua
221 3820 272 3868 cst.
306 3817 423 3886 reliquoa
440 3817 519 3870 etiam
537 3818 593 3872 eiua
611 3836 735 3887 proceres
752 3818 962 3889 comprehendit,
988 3823 1017 3871 ct
1034 3835 1087 3870 nna
1104 3835 1161 3870 cum
1179 3817 1266 3885 capita

159 3883 202 4006 sIlli
218 3885 318 4010 ἕνέστω
338 3885 420 3938 infixo
443 3887 476 3940 ad
499 3885 631 3941 Zenonem
651 3889 770 3943 deduxit.
806 3894 938 3944 caeterum
957 3888 1098 3960 imperavit
1113 3887 1176 3940 Illuc
1192 3901 1266 3938 men-

189 3972 201 4006 a
256 3991 263 4008 .

260 4023 348 4076 λοιπε
373 4021 460 4076 dictae
485 4021 694 4096 Phocoliathum,
723 4034 753 4080 ut
776 4027 880 4096 quidam
903 4027 1037 4094 referunt,
1067 4027 1266 4094 cognomentum

160 4107 193 4142 ax
219 4110 249 4145 ao
275 4093 355 4146 habet
378 4093 447 4160 quod
467 4091 572 4144 Phocoe
595 4097 703 4162 tyranni
725 4113 807 4164 cqoua
823 4096 861 4148 ibi
879 4095 1068 4164 caespitaverit
1083 4103 1111 4146 ct
1128 4091 1268 4146 ceciderit.

159 4159 314 4216 Panodorua
339 4167 426 4214 eutem
448 4162 598 4229 Aegyptiac
622 4171 651 4216 et
672 4165 826 4218 Theodorus
849 4165 992 4218 Thebanus
1014 4163 1185 4234 philosophus
1208 4167 1268 4215 tra·

160 4227 226 4310 dont
243 4231 311 4284 hunc
330 4231 413 4284 locum
430 4230 490 4282 olim
508 4237 584 4284 extra
600 4231 757 4300 Byzantium
773 4234 857 4286 iuiaaa
870 4234 959 4286 multia
972 4235 1171 4301 frequentatum
1182 4232 1267 4285 lotro-

160 4297 252 4366 nibus,
271 4301 473 4356 Constantinum
490 4317 556 4354 vero
573 4318 707 4372 magnum,
723 4319 780 4358 cum
797 4303 862 4358 urbe
878 4302 978 4374 potitus
992 4308 1077 4371 amet,
1095 4317 1194 4357 numme
1206 4316 1265 4354 cum
