2808 4616
181 201 254 275 170
520 199 697 268 INGERTI
721 197 935 268 AUCTORIS

178 391 256 474 μετὰ
279 395 364 474 λιτῆς
386 392 437 454 καί
459 395 550 473 τιμῆς
570 389 624 456 τὸν
639 385 755 476 θρόνον
771 386 1120 467 Κωνσταντινουνιόλεοις
1137 399 1176 481 τῇ
1191 401 1290 477 βασι.

139 501 250 583 Ολικῇ
281 497 360 581 χειρὶ
393 489 598 581 νιοιθαρσόσαι
621 489 816 576 βουλόμενος.
867 494 939 559 ἀλλ’
968 495 1022 560 οῦκ
1042 494 1244 585 Ἀλέξανδρος
1270 499 1288 565 ὃ

177 598 272 676 πολδς
296 602 328 664 έν
353 600 524 690 θεογνωσίρι
551 603 641 663 τοῦτο
665 623 823 686 παρεσ...
849 599 905 676 ἕως
928 605 972 686 τῷ
996 599 1127 688 ὀλεθρίῳ
1153 600 1287 692 θανά-τῳ

176 709 284 769 τοῦτον
308 701 490 788 παρέδωκεν.
542 704 573 766 ἐν
599 701 683 791 αὐτῷ
705 707 749 789 τῷ
772 699 874 790 τόσῳ,
901 701 961 766 ἀπὸ
984 707 1039 786 τῆς
1060 701 1203 791 καμάρας
1227 709 1287 785 ἕως

175 804 228 872 κθ’
262 805 432 882 παλαιστὰς
464 804 577 890 ἔχοντι,
613 805 662 868 inl
694 810 863 891 θεοφιλοῦς
896 805 1061 871 Θεοδοσίου
1092 808 1312 895 όπετυπώθηό

170 909 286 996 Ἄρειος
312 911 344 973 ἐν
368 906 525 996 μαρμάρῳ
548 915 766 994 συνγειτνιῶντι
783 915 821 996 τῇ
839 915 894 996 γῇ,
920 913 971 975 καὶ
989 909 1045 976 σόν
1062 909 1145 1000 crispi
1162 915 1286 996 Σαβέλ-

175 1020 240 1092 λιος
257 1009 451 1089 Μακεδόνιος
466 1008 632 1095 Εῦνόμιος,
651 1011 728 1100 πρός
745 1009 889 1096 αἰσχύνην
905 1022 969 1090 τοῖς
986 1015 1186 1100 διερχομένοις
1203 1043 1282 1104 σφε-

176 1119 297 1204 τερίζειν
322 1113 448 1193 τούτους
455 1165 466 1196 ,
492 1119 542 1181 καί
566 1114 670 1204 κόπρῳ
696 1117 747 1180 καί
771 1115 854 1204 οῦρῳ
871 1119 922 1181 καὶ
939 1115 1130 1200 έμνιτόσμαει
1147 1124 1197 1184 καὶ
1215 1121 1283 1187 ἀει-

175 1221 260 1304 μίαις
293 1220 494 1300 ὀνειδίζεσθαι
527 1220 600 1298 τοῦς
632 1219 685 1285 τόν
715 1218 782 1284 υἱόν
813 1217 1029 1305 ἀτιμήσαντας.
1081 1221 1102 1285 ἅ
1133 1249 1201 1288 τινα
1230 1229 1283 1289 καί

136 1330 373 1412 Βκαθοριῦνται
405 1331 472 1390 auio
501 1324 557 1400 ἕως
587 1328 642 1408 τῆς
672 1319 806 1411 σήμερον
834 1334 898 1402 τοῖς
923 1324 962 1390 τό
987 1327 1179 1410 γεγραμμένα
1202 1328 1327 1416 παρ’λο

173 1425 261 1511 ἡμῶν
276 1427 353 1512 μετὰ
371 1429 556 1516 φιλοσοφίας
573 1429 624 1492 καὶ
641 1423 734 1492 πόνου
753 1429 935 1513 διερευνιῦσι.

627 1599 707 1664 Θέα
728 1625 768 1663 ια
806 1596 833 1663 δ’

225 1709 272 1787 τό
303 1715 345 1785 ἐν
374 1726 468 1801 τοῖς
493 1626 798 1810 Ἀρτοσωλόοις
827 1707 989 1809 πόροις
1019 1707 1225 1810 ῦσόρχου.

135 1877 160 1930 ll
280 1857 435 1946 Κυνόριον
458 1856 519 1922 ἀπό
541 1853 724 1945 μαρμάρου,
751 1856 874 1923 οῦθατα
897 1863 1024 1923 πλεῖστα
1047 1857 1078 1922 έν
1097 1863 1134 1944 τῇ
1155 1855 1279 1942 νεμήσει

174 1963 351 2053 περιφίρον,
369 1959 411 2040 ὡς
428 1961 550 2027 οἴκοθεν
566 1963 725 2050 μυρμηκιδι
742 1959 896 2048 λατρεύειν
913 1962 1082 2049 ἐπεχείρουν
1088 2010 1098 2039 ,
1115 1971 1176 2038 τοῖς
1192 1969 1325 2038 deur-15

175 2079 237 2158 ρεΐν
253 2068 332 2134 κατὰ
349 2073 409 2131 πᾶν
424 2065 584 2143 ἐθέλουσι,
607 2076 671 2143 τοῖς
686 2072 761 2131 πᾶσι
778 2063 954 2153 προύκειτο·
980 2071 1057 2130 ταοῦ
1075 2067 1107 2130 δέ
1124 2069 1174 2130 καὶ
1191 2066 1284 2131 ἀετοῦ

174 2176 225 2236 καί
242 2172 362 2245 λεαίνας
378 2173 498 2252 λαγωοῦ
514 2193 546 2232 τε
564 2170 615 2232 καὶ
631 2176 724 2255 κριῶν
742 2166 853 2257 κόραι,
872 2171 923 2234 καὶ
941 2175 1105 2257 στρουθιῦν
1118 2173 1170 2234 καὶ
1183 2197 1282 2256 κορω-

173 2279 234 2338 νῶν
251 2274 302 2336 καί
319 2267 480 2356 τρυγόνος,
505 2268 584 2351 μυός
600 2275 651 2334 καὶ
667 2278 763 2356 γαλῆς
780 2275 831 2336 καὶ
850 2268 1029 2356 δαμάλεων,
1054 2274 1205 2357 έμαοῦσαι
1228 2277 1282 2338 καὶ

173 2379 205 2440 Γ
202 2375 354 2464 οργονίδες
360 2421 371 2452 ,
397 2368 453 2440 δόο
478 2369 651 2460 ἀμφότεραι
675 2375 708 2439 ἐκ
731 2377 836 2452 δεξιῶν
858 2379 910 2440 καὶ
928 2379 959 2454 ἐξ
977 2375 1155 2460 εῦιονόμιυν,
1182 2376 1202 2462 ἢ
1223 2379 1280 2462 μία

172 2487 211 2567 τῇ
228 2477 315 2570 ἓτέρρ
332 2477 402 2542 κατ’
420 2474 494 2560 όψιν
510 2476 687 2559 βλέπουσα,
714 2477 773 2543 dal
792 2478 966 2569 μαρμαίρων
971 2530 982 2560 ,
1009 2482 1322 2567 ἀναγεγλυμμέναι,υο

172 2584 212 2648 roi
239 2581 418 2671 φυραθένεα
443 2577 526 2646 κότον
552 2587 612 2647 saio
630 2581 730 2648 αῦτῶν
745 2579 849 2672 πόρων
865 2583 934 2669 ἢτοι
948 2585 1175 2672 Ἀριοαωλίων,
1195 2588 1281 2664 θέας

135 2683 313 2758 azotum
336 2685 568 2751 Κυνοταντίνου
593 2689 709 2773 δρᾶμα.
760 2687 839 2753 ἀλλὰ
863 2689 922 2776 γὰρ
940 2691 990 2753 καὶ
1007 2687 1188 2778 Βοόλγαρος
1203 2687 1278 2776 ῦπέρ

172 2869 253 2924 miser
274 2864 490 2936 pronuntiasset,
512 2881 571 2918 cum
589 2865 715 2919 comitatu
731 2869 760 2918 ot
777 2883 871 2936 pompe
887 2867 1052 2937 Cpolitauum
1070 2868 1205 2938 thronum,
1231 2869 1279 2922 im-

192 2939 308 2992 eretorie
330 2953 408 2988 mena
430 2935 561 3004 stipatus,
587 2940 691 3005 raptum
714 2937 880 3004 procederet.
924 2955 1016 2992 verum
1040 2939 1205 3006 Alexander,
1235 2940 1278 2991 vir

190 3009 262 3060 ‘vina
279 3005 391 3058 scientia
406 3005 561 3073 praeditas,
588 3023 640 3057 non
657 3006 731 3073 prius
749 3007 865 3060 cessavit
882 3025 958 3076 quarn
974 3009 1047 3062 illam
1063 3010 1184 3062 funestae
1200 3009 1278 3062 morti

171 3076 292 3130 tradidit.
329 3075 419 3126 eodem
441 3074 512 3138 loco,
539 3073 584 3142 qui
607 3091 623 3125 a
645 3075 747 3127 fornice
764 3076 862 3144 viginti
879 3095 971 3130 novem
988 3079 1087 3147 palmos
1105 3079 1200 3146 habet,
1228 3079 1277 3132 sab

171 3145 297 3213 religioso
314 3142 472 3212 imperatore
489 3143 641 3196 Theodosio
658 3143 736 3196 Arius
753 3162 896 3204 marmorea
913 3153 1001 3199 statua
1016 3149 1120 3201 effictus
1135 3155 1190 3215 est,
1208 3165 1276 3217 quae

171 3215 227 3268 solo
252 3213 379 3266 tantillum
403 3213 538 3265 sublimior
560 3221 633 3280 erat,
658 3231 690 3265 ac
713 3215 830 3267 camillo
848 3216 978 3270 Sabellius
996 3217 1169 3270 Macedonius
1187 3218 1278 3270 Enno-

171 3284 254 3350 mius,
280 3288 310 3336 ut
333 3299 379 3334 eos
403 3282 449 3351 qui
469 3282 649 3350 praeterirent
667 3283 734 3336 tales
752 3285 803 3338 sibi
821 3286 961 3354 magistros
979 3286 1128 3340 adscribere
1146 3287 1275 3356 puderet;

170 3359 253 3422 atque
269 3353 290 3405 ii
307 3352 352 3421 qai
368 3349 423 3404 filio
439 3352 562 3404 honorem
578 3352 763 3420 detraxerant,
788 3359 905 3409 stercore
922 3357 999 3408 urina
1015 3365 1093 3426 sputo
1111 3363 1140 3408 et
1156 3355 1276 3408 ludibriis

170 3423 384 3492 deturparentur.
420 3437 488 3491 quae
513 3423 639 3474 hactenus
663 3423 769 3492 integra
793 3426 990 3498 conspiciuntur
1010 3427 1043 3480 ab
1063 3427 1098 3479 iis
1115 3427 1161 3497 qui
1175 3427 1276 3496 scripta

170 3497 261 3548 nostra
275 3491 457 3564 philosophice
474 3497 502 3543 et
519 3493 636 3545 studiose
654 3499 816 3548 scrutantur.

513 3611 749 3681 Spectaculum
778 3619 931 3682 quartum

342 3699 388 3761 de
410 3702 583 3782 itaquae
605 3701 644 3761 εἰν
665 3701 902 3784 Artopolr'is
925 3710 1102 3766 enatant.

274 3817 402 3871 catellam
429 3835 611 3885 marmoream,
643 3817 732 3872 multis
762 3817 878 3872 mammis
907 3818 1095 3872 distribuendis
1123 3819 1276 3872 muneribus

188 3887 327 3955 raeditam,
352 3887 490 3940 confertim
512 3889 657 3941 animantes
680 3888 789 3941 adorere
807 3889 961 3952 tentabant3
987 3890 1058 3958 quod
1075 3889 1107 3941 iis
1125 3891 1171 3959 qui
1188 3890 1277 3942 consi-

169 3907 265 4011 derare
281 3957 379 4011 vellent
395 3961 452 4007 erat
467 3957 627 4026 expositum,
644 3958 755 4029 pavonis
769 3957 882 4026 scilicet,
901 3958 1017 4028 aquilae,
1037 3961 1159 4028 leaenae,
1177 3959 1277 4027 leporis

170 4027 334 4098 arietumque
352 4025 454 4096 capita,
478 4041 614 4094 passerum
629 4027 707 4093 item,
732 4026 880 4094 cornicum,
906 4027 1034 4096 tartaris,
1060 4029 1139 4081 muris
1158 4033 1185 4080 et
1201 4029 1276 4092 lelis3

169 4092 285 4167 itemquo
308 4095 418 4152 buculae
440 4093 601 4162 mugientes,
629 4097 767 4164 Gorgones
785 4096 852 4148 duae
870 4113 886 4149 a
903 4097 1003 4150 dextris
1022 4102 1051 4150 st
1069 4098 1201 4164 sinistfis,
1229 4099 1278 4151 ob·

170 4177 251 4218 versa
269 4173 359 4222 mutuo
376 4161 460 4230 facie,
489 4177 522 4212 ex
537 4179 667 4216 marmore
684 4165 812 4235 scalptae.
848 4167 962 4234 quaein
977 4165 1123 4236 Artopoliis
1139 4169 1278 4236 scalptae

171 4226 345 4290 Constantino
372 4234 404 4289 ad
430 4231 604 4302 spectaculum
628 4233 702 4288 facte
727 4239 796 4287 sant.
836 4236 884 4288 sed
909 4235 988 4290 etiam
1014 4237 1139 4305 bulgarus
1165 4235 1277 4290 mundus
