2808 4616
186 227 261 306 160
355 261 358 266 ·
518 223 738 298 GEORGIUS
764 223 953 293 cunutus

145 429 169 486 0
185 415 394 506 Σεπτεμβρίου
410 409 522 500 μηνός,
545 421 601 499 τῆς
620 412 660 482 cd'
677 416 861 493 λνδικτιῶνος
872 419 928 480 cosi
941 409 1044 502 ,ςχπίί
1058 412 1161 495 ἐτονς,
1180 411 1248 509 ὥρρι
1262 414 1294 484 α’

180 529 237 611 τῆς
253 520 369 609 ἡμέρας
385 520 465 586 καθ’
484 519 522 603 ἣν
538 516 554 584 ὃ
571 519 751 604 ἀείμνηστος
763 519 864 604 πατὴρ
879 518 974 583 αὐτοῦ
987 525 1042 600 τῆς
1054 521 1185 604 ἐπιγείου
1198 527 1294 603 βασι-

181 628 264 704 λείας
279 623 432 710 ἠλλάξατο
449 621 505 710 τὴν
522 621 663 712 οὐράνιον
669 671 679 704 ,
703 619 895 709 ἀνηγορεύθη
913 619 1129 710 αὐτοκράτωρ,
1146 625 1198 688 καὶ
1216 627 1293 706 ἐβα-

181 732 319 800 σίλευσεν
343 729 475 812 εὐσεβῶς
493 725 548 794 σόν
565 733 605 816 τῇ
622 729 715 813 μητρί
732 727 826 792 αὐτοῦ
843 733 881 814 τῇ
899 727 1040 813 δεσποίνῃ
1055 734 1096 814 τῇ
1113 733 1194 818 κυρᾷ
1210 732 1291 794 Μα-

182 837 253 928 ρίρι,
282 837 320 923 τῇ
344 832 396 898 deul
418 837 473 897 τοῦ
492 831 581 897 θείου
599 834 650 896 καὶ
667 831 826 916 άγγελικοῦ
842 827 1000 913 σχήματος
1016 826 1099 917 Ξίνῃ
1116 847 1318 916 pozzorosano-5

180 940 293 1026 σθείσῃ
300 987 311 1018 ,
341 931 453 1022 ἐχοόσῃ
471 934 777 1023 παραιλυναστεόοντα
794 934 847 1000 τὸν
863 934 1121 1020 πρωτοσεβαστόν
1137 937 1187 1000 καλ
1204 962 1294 1024 πραι-

181 1037 519 1128 τοβεστιάριον-κόριον
539 1037 729 1126 Ἀνδρόνικον
751 1037 805 1105 τόν
821 1037 985 1122 Κομνηνὸν
1002 1037 1069 1115 ἴτυς
1086 1034 1115 1102 α’
1133 1043 1231 1122 μῆνας
1248 1037 1293 1106 ια’

180 1143 299 1235 ἦμίρας
324 1141 362 1231 γ’.
413 1141 476 1210 εἶτα
504 1146 601 1228 (λῆθεν
626 1142 958 1231 μόνηςάναιρεθείσης
973 1147 1028 1226 τῆς
1045 1139 1135 1227 όιγίας
1151 1144 1294 1228 γυναικός
1385 1153 1386 1216 ζ

181 1251 296 1337 ἐκείνης
316 1248 401 1338 παρά
419 1254 474 1315 τοῦ
490 1247 640 1335 τυράννου
658 1250 734 1326 ἐκεῖ,
753 1250 803 1312 καὶ
824 1246 919 1312 αὐτοῦ
935 1251 991 1311 τοῦ
1005 1245 1157 1331 τυράννου
1176 1245 1293 1313 arideo-
1385 1295 1386 1308 ,

180 1361 272 1432 τικιός
296 1359 454 1430 ποιοῦντος
478 1351 536 1418 ὅσα
560 1348 702 1435 ἐβοόλετο
720 1348 833 1439 χρόνον
851 1349 903 1416 ἵνα
920 1354 1019 1435 μῆνας
1037 1347 1077 1414 ια’
1095 1347 1215 1438 ἡμέρας
1232 1348 1280 1417 κδ’
1280 1401 1290 1432 ,
1298 1360 1333 1414 10
1385 1409 1386 1440 ρ

182 1453 247 1524 olco
281 1455 494 1542 άιιοπνιγίντος
524 1458 576 1520 καὶ
607 1459 702 1522 αὐτοῦ
729 1463 784 1521 τοῦ
814 1451 1100 1542 πορφυρογεννήτου
1125 1454 1212 1540 παρά
1237 1462 1293 1522 τοῦ
1385 1447 1386 1484 ³

142 1557 350 1651 Βτυράννου,
381 1561 573 1643 ἐβασίλευσεν
599 1559 765 1648 ἀναφανεὶς
790 1555 806 1623 ὃ
835 1543 927 1636 αὐτὸς
951 1553 1142 1644 Ἀνδρόνικος
1168 1557 1237 1636 ἴτυς
1260 1556 1293 1624 ἐν

181 1673 283 1753 μῆνας
301 1663 320 1730 ί
345 1661 461 1751 ἦμίρας
479 1660 508 1728 ι’.
559 1663 637 1746 μετὰ
655 1660 753 1729 ταῦτα
769 1659 903 1750 όστίρως
921 1663 1016 1728 αὐτοῦ
1033 1658 1049 1725 ὃ
1068 1657 1172 1748 κάριος
1188 1660 1293 1729 Ἰσαά-

182 1795 248 1849 κιος
272 1766 288 1834 ὅ
309 1767 449 1855 Ἄγγελος
465 1767 652 1856 προσφυγὼν
668 1774 708 1855 τῇ
723 1768 866 1858 ἐκκλησίᾳ
872 1815 882 1846 ,
909 1767 1054 1831 κάκεῖθεν
1072 1763 1216 1830 ἀπελθὼν
1232 1766 1293 1832 σόν

160 1880 225 1964 4τῷ
251 1869 440 1961 σνρφετιόόει
464 1878 530 1960 λαῷ
555 1873 606 1937 καλ
630 1881 694 1950 τυΐς
719 1872 899 1960 φυλακίτιιις
916 1871 971 1936 καί
983 1895 1045 1935 τισι
1061 1875 1118 1935 τῶν
1136 1875 1290 1955 συγγενῶν
1299 1880 1333 1934 15

181 1979 234 2044 καὶ
259 1980 356 2066 φίλων
381 1977 477 2042 αὐτοῦ
500 1978 551 2040 καλ
578 1974 661 2065 αὐτῷ
687 1981 731 2064 τῷ
756 1971 930 2062 πατριάρχῃ
956 1981 1041 2062 κυρῷ
1065 1975 1215 2062 Βασιλείῳ
1245 1979 1292 2062 τῷ

180 2083 365 2169 Καματηρῷ
382 2083 425 2156 εἴς
441 2079 572 2165 τόριίγα
588 2075 753 2159 παλάτιον,
779 2081 832 2144 καὶ
850 2077 998 2145 εἰσελθὼν
1016 2078 1048 2143 ἐν
1065 2076 1148 2166 αὐτῷ
1167 2080 1218 2142 καὶ
1237 2083 1294 2160 τῆς

180 2186 340 2270 βασιλείας
365 2180 542 2264 δεξάμενος,
572 2189 628 2248 τοῦ
647 2183 839 2271 Ἀνδρονίκου
861 2178 1019 2270 φυγόντος.
1071 2178 1152 2246 ἰάλω
1172 2181 1206 2246 δὲ
1223 2181 1293 2246 άνί-

181 2311 250 2372 μων
279 2287 389 2368 βιαίων
421 2283 680 2351 άντιπνευσάντων
712 2287 796 2374 αὐτῷ
820 2287 851 2351 ἐν
875 2293 920 2375 τῷ
943 2285 1074 2374 Εὐξείνῳ
1098 2281 1198 2374 πόντῳ
1222 2283 1293 2368 ἤτοι

181 2393 223 2478 τῇ
247 2385 364 2475 μεγάλῃ
388 2385 554 2475 θαλάσσῃ,
585 2389 636 2452 καλ
661 2387 776 2454 ἐπαθεν
799 2387 859 2456 ὅσα
883 2388 976 2455 αὐτὸν
999 2390 1073 2466 ἴσως
1089 2386 1150 2454 ’ἔδει
1167 2393 1330 2456 redoluit

183 2491 393 2581 Χριστιανσός
418 2493 451 2557 δὲ
475 2494 525 2556 καὶ
546 2487 714 2574 Ῥωμαίους
731 2499 828 2559 ταῦτα
845 2479 959 2580 πρᾶξαι
976 2493 1122 2559 ἀνοίκειον
1138 2483 1179 2578 ἦν
1197 2489 1292 2576 ὅμως.

93 2604 168 2666 ΡΒΙ
185 2597 360 2680 ἐβασίλευσε
393 2591 410 2660 ό
444 2593 548 2684 κόριος
568 2593 719 2676 Ἰσαάκιος
743 2593 759 2662 ὁ
779 2595 920 2683 Ἄγγελος
944 2595 995 2682 ἐτη
1020 2593 1066 2663 θ’.
1116 2595 1167 2662 ἐπ’
1196 2596 1292 2663 αὐτοῦ

184 2699 269 2787 ἴσχεν
295 2697 392 2789 ἀρχὴν
415 2697 446 2786 ἦ
459 2701 491 2766 ἐν
514 2701 654 2793 Ζαγορίρι
678 2697 812 2784 Βλάχιον
836 2704 888 2766 καὶ
912 2698 1102 2790 Βουλγάρων
1127 2701 1206 2767 κατά
1230 2707 1290 2768 τῶν

253 2895 271 2956 ’ί
288 2891 344 2967 ια’]
360 2891 383 2962 ἴ
399 2894 528 2953 vallicell.
665 2897 700 2951 10
714 2890 835 2967 ἡμέρας]
853 2889 929 2966 cioca
942 2895 1072 2952 vallicell.
1113 2895 1116 2902 ⁴

183 3067 329 3194 ffiembfis,
356 3066 499 3120 indictione
525 3068 561 3124 14
586 3066 648 3120 unni
672 3065 756 3134 6689,
782 3067 847 3121 hors
871 3067 952 3122 tertia
976 3067 1031 3120 diei
1054 3081 1106 3138 quo
1130 3071 1210 3138 puter
1232 3063 1288 3122 eius

220 3136 319 3208 perium
343 3141 470 3190 terrestre
486 3154 544 3191 oum
562 3137 671 3190 caelesti
689 3138 872 3204 commutavit,
895 3137 1040 3207 imperator
1055 3139 1221 3191 renuntiatus
1238 3146 1288 3208 ost,

186 3213 215 3262 et
237 3205 283 3290 pie
307 3205 446 3277 imperavit
468 3224 527 3260 cunr
548 3214 632 3260 nuutre
652 3225 699 3260 sue
715 3207 818 3260 domina
835 3207 936 3274 Maria,
965 3224 1033 3276 quoe
1049 3215 1112 3278 post
1127 3213 1288 3279 assumptum

185 3277 301 3330 ordrncru
318 3276 486 3329 rnonasticurn
504 3277 580 3329 Xeno
596 3277 655 3330 sive
673 3277 814 3348 Peregrina
832 3277 965 3330 nominata
981 3278 1045 3342 fuit,
1069 3284 1096 3330 et
1113 3277 1218 3348 inperii
1234 3278 1288 3331 col-

184 3345 268 3416 legam
294 3346 386 3400 habuit
408 3345 535 3398 domiuum
553 3347 728 3400 Andronicum
747 3349 906 3400 Cornnenunr
925 3349 1137 3418 protosebastum
1155 3356 1183 3400 et
1198 3355 1293 3418 proto·

184 3414 354 3484 vestiarium,
381 3433 473 3468 onnuru
497 3417 513 3468 1
539 3433 642 3470 mensos
667 3419 700 3470 ll.
725 3417 781 3470 dies
803 3419 829 3473 3.
868 3424 964 3486 postea
988 3433 1052 3470 vero
1077 3423 1195 3471 sanctam
1218 3417 1290 3470 illem

183 3483 307 3540 feminam
330 3485 496 3538 Andronicus
518 3491 646 3557 tyrannos
669 3487 810 3541 clanculum
834 3485 949 3538 interfici
972 3485 1089 3553 curavit,
1114 3496 1143 3540 et
1159 3489 1289 3541 unnuml

183 3570 288 3609 meuses
313 3556 345 3609 ll
371 3555 426 3607 dies
451 3555 485 3609 24
509 3555 595 3610 omnia
613 3575 662 3626 pro
680 3557 763 3610 lubitu
781 3555 987 3624 administrarit,
1014 3563 1094 3625 utque
1110 3558 1213 3610 demum
1229 3557 1289 3628 ipso

183 3622 276 3679 Alexio
293 3623 521 3695 Porphyrogenito
539 3627 702 3696 strangulato
720 3633 813 3697 aperte
829 3626 969 3695 imperavit
986 3643 1079 3678 annum
1097 3625 1113 3679 1
1133 3643 1236 3678 menses
1256 3627 1291 3680 10

185 3691 243 3746 dies
266 3695 310 3748 10.
344 3695 440 3748 deinde
463 3695 579 3750 isaacius
602 3697 719 3766 Angelus
736 3697 770 3749 ud
788 3696 922 3749 ecclesiam
945 3696 1080 3764 confugit,
1108 3703 1136 3749 et
1152 3697 1214 3748 inde
1232 3712 1290 3748 cum

184 3762 357 3834 incomposita
376 3765 465 3835 populi
483 3763 595 3819 colluvie
612 3775 640 3820 ct
658 3766 811 3820 custodibus
828 3773 909 3834 atquo
927 3765 1080 3887 Quibusdam
1097 3765 1153 3820 suis
1169 3765 1290 3834 cognatis

183 3839 214 3888 ot
240 3834 345 3899 amicis,
369 3835 480 3906 ipsoque
504 3837 654 3906 patriarcha
678 3835 780 3890 domino
807 3835 906 3888 Busilio
954 3841 1083 3901 austero,
1111 3835 1145 3888 ud
1168 3851 1290 3903 magnum

182 3903 309 3974 palatium
326 3903 390 3970 ivit,
411 3913 491 3974 utque
508 3923 539 3958 eo
556 3907 691 3976 ingressus
708 3906 843 3975 imperium
861 3905 985 3974 suscepit.
1018 3904 1184 3958 Andronicus
1201 3911 1290 3958 autem

183 3973 305 4044 quumvis
328 3991 387 4028 sese
408 3974 437 4026 in
459 3973 548 4044 logum
566 3977 697 4043 dedisset,
722 3977 839 4028 attamen
856 3981 991 4028 ventorum
1007 3975 1177 4028 adversorum
1195 3974 1225 4028 vi
1240 3973 1291 4026 im·

182 4045 289 4112 peditus
306 4049 334 4098 et
351 4047 444 4114 coptus
461 4049 503 4096 est
519 4045 547 4096 in
562 4045 647 4099 Ponto
664 4045 768 4099 lduxino
784 4045 841 4100 sive
859 4045 924 4096 muri
942 4062 1048 4114 magno,
1065 4049 1147 4115 utque
1162 4045 1208 4096 ille
1225 4059 1289 4113 pos-

184 4128 230 4166 sus
247 4119 290 4168 est
307 4131 375 4184 quae
391 4113 476 4184 ipsum
493 4113 595 4180 quidem
610 4115 667 4184 pati
683 4133 732 4187 par
749 4121 822 4182 erut,
841 4113 1008 4167 Christianos
1024 4131 1090 4167 vero
1109 4122 1138 4167 et
1153 4113 1289 4167 Romanos

183 4195 266 4246 cgere
293 4202 346 4240 non
375 4179 561 4238 conveniebat.
601 4183 742 4252 imperarit
767 4185 851 4252 igitur
878 4183 998 4237 dominus
1024 4183 1143 4236 Isaacius
1172 4183 1289 4254 Angelus
1385 4189 1386 4204 ³

184 4253 268 4304 annos
288 4252 316 4310 9'.
350 4255 408 4310 eius
431 4257 551 4324 tempore
572 4249 600 4304 iu
625 4253 741 4324 Zagorin
763 4253 866 4308 initium
884 4252 972 4324 coepit
989 4253 1085 4308 bellurn
1102 4253 1290 4308 Weluchorum
1385 4251 1386 4282 ³
