2808 4616
179 289 252 362 102
511 285 728 356 GEORGIUS
755 283 942 351 CODlNUS

1396 389 1397 428 l

138 487 162 542 c
284 475 348 544 Τδν
364 474 450 563 ἅγιον
465 476 614 556 Λουκάν,
639 476 671 542 ἓν
689 465 715 564 ᾧ
732 473 761 540 οἶ
777 476 941 546 τεθνεῶτες
956 463 1146 546 θάπτονται,
1163 462 1286 554 Εἰρήνη
1396 497 1397 544 f

174 581 358 669 ήἍθηναία
376 578 507 661 έκτισιν,
525 579 608 657 ὅπως
623 577 742 666 δωρεάν
760 579 792 644 έν
811 575 896 666 αὐτῷ
911 569 1092 640 θάπτωνται
1106 570 1135 636 ol
1148 571 1289 655 πένητες.

175 683 255 755 πάνυ
272 687 331 772 γὰρ
349 682 548 769 εὐσεβεστάτη
566 676 645 751 οίισα
661 681 761 748 πολλὰ
777 687 963 767 γηροκομεῖα
979 680 1031 742 καὶ
1043 677 1219 758 ξενοδοχεία
1232 679 1287 742 καλ

174 797 405 878 πτωχοτροφεία
421 791 559 872 ἐποίησεν
577 792 618 866 είς
635 784 836 872 ἀποστροφὴν
851 789 913 850 τῶν
930 778 1075 866 πενήτων.
1127 778 1207 844 ἀλλὰ
1231 783 1287 844 καλ

175 877 280 983 φάρῶν
310 889 394 980 βάρη
426 894 560 978 ἐξέκοψε.
610 892 680 978 τρία
707 891 741 956 δέ
766 885 901 973 μάλιστα
925 892 1024 952 ταῦτα
1047 884 1087 950 τὰ
1110 880 1312 970 κυριώτερα5

174 999 311 1082 ἐποίησεν
333 993 473 1064 θανάτου
496 999 547 1064 καί
570 998 648 1079 ζωῆς
664 996 715 1059 καλ
730 989 848 1080 ὖγείας,
873 985 1013 1058 θανάτου
1030 987 1087 1071 μέν
1104 984 1286 1076 ξενοτάφιον

174 1107 230 1168 τοῦ
247 1097 333 1186 άγίου
350 1101 482 1180 Λουκᾶ,
507 1103 585 1184 ζωῆς
602 1101 635 1164 δέ
651 1097 687 1164 τὸ
706 1105 893 1186 πιστορεΐον,
916 1091 1018 1182 ὖγείας
1035 1089 1069 1159 δέ
1084 1090 1139 1158 τὸν
1156 1097 1284 1171 ξενῶνα,

174 1205 215 1272 τὸ
231 1201 403 1288 καλοάμενα
420 1210 475 1288 τῆς
489 1203 644 1289 μακαρίας
660 1199 802 1290 Είρήνης.

278 1307 342 1373 Τὸν
371 1305 457 1394 ἅγιον
486 1304 650 1390 Διομήδην
679 1303 775 1371 ίκτισε
804 1304 860 1387 μὲν
886 1298 903 1368 ὁ
930 1297 1016 1387 ἅγιος
1038 1299 1285 1376 Κωνσταντῖνος,

173 1411 336 1489 Βασίλειος
360 1411 393 1476 δέ
418 1407 435 1477 ὃ
461 1409 620 1478 Μακεδὼν
639 1408 690 1474 διὰ
707 1407 743 1475 τὸ
760 1413 864 1491 λαβεῖν
882 1403 939 1471 ἀπ’
958 1405 1053 1470 dusios
1069 1399 1122 1467 τδν
1139 1402 1208 1488 περὶ
1227 1407 1283 1484 τῆς
1291 1414 1325 1468 10

171 1516 330 1599 βασιλείας
354 1513 496 1602 χρησμὸν
525 1511 671 1581 έπλάτυνε
694 1515 746 1578 καί
771 1508 914 1578 έκάλλυνε
938 1510 990 1574 καλ
1009 1504 1158 1595 χρήματα
1181 1505 1282 1570 πολλὰ

172 1617 389 1705 άπεχαρίσατο.

131 1727 158 1784 l)
278 1722 329 1786 Τά
354 1719 503 1788 Στονδίου
527 1715 676 1796 Στοάδιος
701 1718 859 1806 πατρίκιος
882 1711 996 1781 έκτισεν
1020 1712 1052 1778 έν
1074 1718 1140 1789 τοῖς
1158 1707 1283 1798 χρόνοις

170 1821 309 1902 Λέοντος
324 1831 380 1891 soii
396 1822 564 1903 Μακέλου,
580 1825 633 1889 καί
649 1817 790 1907 κτήματα
800 1819 900 1886 πολλά
912 1814 1082 1905 ἐπεκύρωσε
1089 1863 1101 1896 ,
1118 1817 1170 1882 καί
1181 1839 1282 1898 μονα-

168 1927 245 2012 ’χούς
258 1929 376 2012 χιλίους
392 1928 539 2014 ἀπέκειρε.
1289 1938 1322 1993 15

269 2029 318 2098 ‘H
336 2032 586 2116 καλουμένητοῦ
608 2026 695 2116 άγίου
718 2029 906 2111 Λίμιλιανοῦ
929 2019 1030 2111 πόρια
1047 2021 1144 2100 οὕτως
1161 2021 1280 2107 ἐκλήθη

171 2135 226 2202 διὰ
242 2135 278 2201 sd
295 2133 371 2202 είναι
386 2137 515 2220 πλησίον
529 2134 584 2200 τὸν
599 2133 674 2200 ναὸν
689 2140 745 2199 τοῦ
762 2128 849 2216 άγίου
862 2133 1050 2212 Αίμιλιανοῦ
1057 2177 1067 2208 ,
1085 2127 1120 2205 ὃς
1133 2125 1281 2214 πρότερον

170 2240 226 2321 μίν
240 2230 280 2321 ήν
297 2236 455 2326 εὗκτήριον
471 2233 597 2324 μικράν,
614 2234 662 2302 ὅτι
679 2238 713 2302 δὲ
727 2234 813 2319 ἤχθη
831 2235 874 2310 είς
888 2233 947 2316 τήν
963 2228 1051 2298 πάλιν
1068 2240 1121 2298 τοῦ
1133 2231 1282 2308 Μωσέως

170 2337 191 2423 ἡ
208 2337 325 2428 ῥάβδος
342 2343 390 2406 ἐπὶ
406 2347 462 2406 τοῦ
478 2336 611 2424 μεγάλου
629 2339 881 2416 Κωνσταντίνου,
898 2335 1021 2416 ἐδέξατο
1039 2335 1132 2419 αὐτὴν
1148 2331 1165 2398 ὃ
1181 2341 1281 2416 βασι-

237 2504 255 2556 1
273 2519 301 2574 ρ.
318 2502 352 2556 51
370 2501 454 2560 Bond.
591 2491 623 2554 έν
640 2485 679 2570 oi]
704 2493 777 2552 ἔνθα
794 2493 825 2554 oi
838 2495 933 2568 νεκροὶ
948 2494 1126 2564 θάπτονται,
1146 2493 1279 2582 salsole

237 2569 394 2638 τρικλίνους
408 2570 458 2625 καλ
475 2563 563 2624 αὐτὸν
580 2563 630 2626 τδν
645 2563 716 2622 ναόν
734 2568 768 2623 0.
890 2563 1127 2636 ios’rsoosooqosiv]
1146 2583 1278 2620 αναπαο·

237 2656 283 2694 τιν
300 2641 334 2695 c.
462 2639 479 2692 5
497 2635 595 2706 φόρων
611 2633 784 2707 κοοφωμοδς
800 2633 926 2707 ἐξέκοψε.
954 2630 1041 2693 ἔκτισε
1059 2636 1106 2691 κοιλ
1124 2634 1165 2698 είς
1180 2632 1277 2706 ταφήν

237 2702 304 2771 τούς
327 2704 437 2778 τάφους
462 2707 511 2762 καὶ
533 2705 574 2770 είς
596 2701 669 2776 ζωήν
691 2703 757 2771 τούς
780 2707 934 2775 τρικλίνους
957 2709 1009 2760 τοῦ
1030 2705 1210 2772 πισιωρείου,
1236 2705 1277 2768 εἰς

236 2773 345 2862 ὑγίειαν
362 2774 414 2832 τὸν
429 2777 536 2844 ξενῶνα
552 2772 587 2832 τά
605 2773 729 2847 Είρήνης
745 2771 917 2846 καλούμενον
940 2779 973 2832 Ο.
1113 2777 1130 2833 λ
1156 2776 1227 2842 ζωῆς
1243 2774 1275 2830 ol

234 2865 287 2910 τας
304 2847 403 2919 λαμίας
419 2846 467 2902 κοιλ
483 2844 519 2902 τά
536 2846 668 2918 πιστάρια
684 2851 749 2903 vat.
839 2847 902 2917 9p.
920 2849 953 2902 21
972 2845 1055 2902 Bond.
1144 2843 1273 2901 11έκοίλ-

180 2977 182 2984 ,
235 2919 318 2987 λυνε]
345 2912 513 2973 ἐκαλλώπισε
536 2917 569 2972 c.
706 2913 833 2986 κτήματα
858 2919 892 2970 Ο.
1032 2917 1066 2972 13
1088 2933 1115 2987 p.
1131 2916 1166 2968 21
1189 2917 1272 2970 Bend.

234 2988 271 3042 14
295 2988 348 3042 τοῦ
371 2983 539 3056 λεομοικέλου
564 2989 598 3042 C.
735 2979 954 3055 καλμοναγοιλς]
974 2982 1023 3038 καλ
1045 2985 1157 3054 πρῶτον
1183 2987 1272 3061 (μί)

233 3050 375 3180 γέονρργοίις
390 3050 503 3132 έποίησε
522 3057 555 3110 (λ.
639 3056 672 3110 15
691 3049 836 3126 ἀπέκειρε]
855 3048 977 3110 έτιίαωσε
995 3054 1065 3126 Reg.
1147 3056 1180 3112 16
1198 3076 1225 3128 ρ.
1239 3055 1273 3112 49

258 3143 292 3180 an
312 3163 320 3180 Ο

270 3263 461 3318 Coemeterinm
480 3261 510 3318 S.
527 3263 618 3316 Lucae
634 3262 752 3316 condidit
767 3263 844 3316 Irene
860 3262 966 3330 Attico,
987 3267 1018 3316 ut
1034 3263 1121 3333 gustis
1138 3261 1178 3316 ibi
1197 3281 1273 3336 sepe-

164 3331 278 3384 lirentur
299 3349 439 3403 pauperes.
474 3334 565 3386 eodem
582 3333 710 3404 singulari
727 3335 828 3404 pietate
844 3339 915 3386 ruote
926 3334 1078 3402 'complures
1096 3333 1186 3386 domus
1204 3333 1272 3386 seni-

164 3401 215 3454 bus
237 3401 382 3470 peregrinus
404 3407 433 3455 et
453 3403 617 3473 pauperibus
636 3403 817 3458 sustentandis
834 3402 996 3456 aedificavit.
1031 3403 1097 3456 item
1113 3404 1271 3456 tributorum

165 3484 245 3522 onero
261 3471 363 3524 minuit.
407 3471 523 3544 inprimis
542 3479 629 3526 sutem
645 3473 699 3525 tris
716 3474 780 3527 loeo
795 3474 874 3526 morti
888 3471 961 3526 vitoe
974 3478 1003 3525 et
1013 3473 1124 3526 sanitati
1134 3473 1271 3541 exstruxit,

163 3537 241 3591 morti
270 3538 463 3610 Xenotuphiusn
492 3543 551 3595 sive
577 3543 762 3596 coemeterium
786 3542 997 3611 peregrinorum,
1027 3543 1101 3596 vitoe
1122 3543 1271 3613 pistorium,

164 3607 274 3664 eneti
293 3610 423 3680 hospitale
439 3612 510 3680 quod
527 3614 622 3665 bestse
636 3613 732 3666 Irenae
749 3613 856 3665 dicitur.

267 3678 403 3748 Templum
420 3681 506 3734 sanni
521 3681 657 3736 Diomedis
669 3682 769 3754 primns
780 3679 931 3735 aedificavit
943 3679 1135 3735 Gorsstuntinus
1145 3699 1269 3752 magnust

163 3750 225 3816 post
241 3761 301 3801 eum
317 3755 404 3804 eutero
421 3751 533 3804 Basilius
551 3752 664 3806 Meoedo
682 3753 710 3806 id
727 3751 808 3805 rusius
826 3757 855 3804 et
869 3752 1005 3822 pulchrius
1020 3753 1153 3821 reddidit,
1170 3751 1272 3806 multis-

164 3831 217 3886 que
242 3816 354 3940 dongsit
375 3820 495 3888 divitiis,
520 3829 664 3894 propteres
681 3822 752 3894 quod
768 3821 830 3875 indo
847 3823 982 3876 orsoulosu
999 3823 1033 3876 ds
1049 3825 1141 3877 futuro
1159 3821 1269 3892 imperio

162 3901 226 3940 εσσε
244 3903 290 3940 ers

225 3905 243 3958 P
266 3957 456 4012 Monesteriuns
484 3959 574 4014 studii
600 3961 710 4016 studius
735 3957 862 4030 petrinius
888 3960 1007 4014 condidit
1029 3967 1150 4032 ternpore
1170 3959 1268 4013 Leonis

161 4022 295 4150 λήρῃρρλερ,
316 4033 345 4080 et
360 4027 479 4098 plurimis
495 4029 594 4084 ditssit
609 4029 838 4102 possessionibus,
856 4031 937 4098 etque
953 4032 1095 4086 monachos
1111 4031 1181 4088 mille
1195 4030 1224 4084 iu
1237 4047 1269 4084 so

162 4107 172 4143 Ι
237 4113 264 4149 us

266 4168 350 4220 Porto
366 4165 397 4221 S.
413 4164 553 4221 Aemiliani
570 4184 662 4222 nonen
679 4169 783 4240 sooepit
798 4185 814 4222 α
830 4167 950 4239 proximo
967 4169 1063 4240 templo
1075 4171 1107 4222 S.
1119 4168 1270 4238 Aemiliani,

163 4231 235 4312 (113οᾶ
250 4237 325 4306 prius
342 4253 453 4322 pervum
470 4242 530 4290 erut
546 4240 697 4294 oratorium.
731 4257 790 4294 enno
807 4243 894 4292 sutorii
912 4239 962 4292 sub
981 4239 1159 4293 Constantino
1176 4255 1270 4324 magno

163 4315 241 4371 vongo
263 4304 369 4374 Moysis
388 4306 417 4360 in
441 4307 530 4364 urbem
553 4307 709 4378 offerretur,
733 4308 814 4379 pedes
831 4325 888 4365 esus
904 4309 933 4362 in
951 4307 1001 4362 lsoo
1017 4308 1076 4362 lsoo
1094 4308 1204 4380 excepit
1221 4327 1268 4365 ιιι-
