2802 4636
480 309 540 374 un
567 305 819 376 omcrnruos
847 307 908 376 cn.
1205 269 1226 382 ι’
1233 313 1251 380 1

139 525 213 580 του,
248 497 399 583 Τιμήσιος
423 498 501 587 ἀνὴρ
526 505 587 565 τῶν
611 499 644 564 ίν
663 497 823 586 Ἀργείοις
848 498 1028 585 τραφέντων
1050 503 1172 584 πρῶτον
1198 503 1255 584 μὲν

139 603 218 672 κατά
243 603 297 669 τόν
321 601 464 680 Εὔξεινον
486 599 597 668 πόντον
621 602 699 688 πρός
722 609 767 690 τῷ
790 603 941 690 λεγομένῳ
963 602 1130 690 Ἐφεσιάτη
1155 603 1254 690 (ίνθα

138 711 210 775 ποτὲ
223 709 358 794 Ἐφέσιοι
375 707 516 784 ἀποικίας
532 707 709 790 πέμψαντες
726 709 776 771 καὶ
794 703 882 772 πόλιν
900 710 1069 790 οἰκοδομεῖν
1087 708 1254 797 πειραθίν-

136 841 186 890 τες
203 803 298 890 αὖθις
314 816 369 878 τοῦ
386 814 555 891 Βυζαντίου
572 807 751 896 ὑπήκουσαν
769 807 878 896 λόγου·

112 967 128 1021 5
240 949 340 1034 όλβιοι
359 949 393 1015 oi*
406 951 504 1034 κείνην
522 947 605 1036 ἱερὴν
622 945 710 1014 πόλιν
728 945 913 1031 οἰκήσουσιν,

240 1054 335 1138 ἀκτὴν
355 1054 502 1141 Θρηικίην
519 1053 544 1118 τ’
564 1052 687 1140 ἴνυηρον
705 1051 790 1141 παρά
807 1079 839 1118 τε
857 1051 958 1134 στόμα
973 1043 1110 1134 Πόντου,
1266 1059 1289 1109 C

238 1155 318 1224 ἔνθα
336 1157 391 1223 δόο
411 1156 558 1234 σκύλακες
574 1157 682 1241 πολιὴν
698 1156 849 1224 λάπτουσι
866 1154 1042 1236 θάλασσαν,

240 1260 304 1328 ἕνθ’
325 1263 417 1347 ἲχθδς
435 1261 549 1350 ἔλαφός
565 1288 597 1327 τε
613 1259 708 1345 νομδν
724 1259 890 1344 βόσκονται
907 1263 938 1340 ἒς
955 1258 1067 1347 αὐτόν)

133 1399 394 1484 ἀντικαταστῆσαι
428 1396 516 1464 πόλιν
547 1395 740 1486 ἐπιχειρήσας
768 1403 820 1466 καὶ
847 1401 1027 1487 διαμαρτὼν
1051 1405 1107 1482 τῆς
1130 1398 1251 1474 ἐλπίδος

91 1525 127 1580 10
136 1507 335 1585 συνοικίζεται
352 1505 546 1584 Βυζαντίοις,
572 1506 623 1568 καὶ
641 1503 812 1591 στρατηγός
839 1505 1034 1588 ἀναδειχθεὶς
1056 1508 1112 1568 τοῦ
1133 1501 1251 1578 παντὸς

134 1608 236 1694 δήμου
259 1617 361 1676 πᾶσαν
385 1605 463 1692 ὃμοῦ
481 1608 537 1690 τὴν
562 1605 651 1672 πόλιν
676 1611 718 1684 εἰς
740 1608 775 1674 τὸ
801 1611 905 1691 μεῖζον
923 1613 973 1674 καὶ
993 1607 1250 1695 περιφανίστερον

132 1711 378 1802 μετερρόθμισε,
404 1711 518 1796 νόμους
541 1715 689 1800 περὶτῶν
712 1711 785 1776 καθ’
806 1710 924 1800 ἡμέραν
947 1713 1146 1796 συμβολαίων
1162 1708 1250 1776 τιθέ-

132 1843 242 1902 μενος,
269 1821 320 1884 καὶ
338 1818 397 1902 ἴθη
416 1815 570 1892 καθιστάς
587 1817 728 1880 πολιτικά
747 1816 784 1880 δι’
806 1807 848 1880 ὧν
866 1818 1005 1892 ἀστείους
1021 1843 1053 1881 τε
1070 1819 1121 1880 καὶ
1140 1820 1250 1900 φιλαν-

131 1919 284 2006 θρώπους
301 1922 374 1997 τοὺς
391 1922 517 1996 πολίτας
535 1919 693 1996 ἀνέδειξεν.
746 1917 813 2004 ἱερά
831 1945 863 1984 τε
881 1925 964 1984 θεῶν
982 1924 1108 1984 πλεῖστα
1129 1917 1169 1980 τά
1193 1917 1250 1998 μὲν

88 2043 124 2100 15
134 2025 228 2102 αὐτὸς
254 2022 459 2106 ἀνεστήσατο,
484 2023 524 2087 τά
549 2023 583 2086 δὲ
609 2025 660 2086 καὶ
686 2023 757 2108 πρὶν
781 2020 856 2088 όντα
883 2019 1082 2106 διεκόσμησε·
1114 2021 1167 2086 τὸν
1190 2021 1249 2106 γὰρ

72 2184 81 2200 ,
131 2129 212 2211 πρὸς
234 2135 273 2215 τῇ
301 2127 383 2216 ἀκρηι
410 2132 465 2209 τῆς
488 2127 705 2212 Προποντίδος
733 2123 898 2210 θαλάσσης
924 2128 1058 2208 κειμενον
1088 2121 1176 2206 ναόν,
1212 2123 1289 2194 δνΙ)

128 2229 239 2298 Ἰάσων
256 2231 330 2294 ποτὲ
346 2239 410 2306 τοῖς
428 2227 547 2294 δυόδεκα
565 2234 651 2306 θεοῖς
666 2231 855 2316 καθίδρυσε,
882 2229 1146 2314 κατηρειπωμίνον
1173 2225 1247 2311 ἀνή-

131 2359 232 2420 γειρε,
259 2335 312 2400 καὶ
328 2333 382 2398 τὸν
398 2336 446 2400 ἐπὶ
464 2340 508 2421 τῷ
528 2334 631 2419 Φρίξῳ
659 2333 808 2421 λεγομένῳ
831 2333 929 2416 λιμένι
952 2333 1142 2419 Ἀρτέμιδος
1166 2328 1249 2396 οἶκον

132 2440 313 2504 ἀνεκαίνισε.
364 2439 412 2502 ini
436 2437 470 2501 δὲ
494 2429 593 2524 τούτῳ
612 2434 793 2521 Καλλιάδης
816 2434 1030 2522 στρατηγήσας
1054 2443 1109 2502 τοῦ
1126 2437 1249 2515 Βυζαν-

90 2546 219 2621 norico,
256 2537 369 2628 ἀριοτά
395 2563 428 2608 τε
452 2539 529 2628 πρὸς
555 2539 628 2616 τοδς
654 2539 795 2618 ὀθνείους
820 2543 871 2604 καὶ
898 2541 1065 2628 ἐμφυλίους
1096 2541 1250 2621 πολέμους

134 2644 360 2734 ἀγωνισάμενος
366 2693 377 2724 ,
422 2644 458 2710 τὸ
491 2641 674 2732 περιβόητον
707 2646 758 2709 καὶ
791 2644 977 2728 θαυμαστὸν
1009 2649 1066 2712 τοῦ
1090 2641 1247 2724 Βύζαντος

204 2876 220 2930 1
239 2867 405 2942 γραφέντων
421 2871 487 2930 Hes.
614 2871 634 2927 4
651 2871 746 2939 λογίου
765 2871 830 2926 Hes.
969 2873 986 2929 7
1002 2868 1161 2938 μάρπτουσι
1177 2872 1246 2927 Her.

204 2944 240 2998 16
257 2942 390 3010 ποντικῆς
406 2943 473 2997 Hes·
584 2943 620 2998 18
638 2942 742 3011 Φρίξου
762 2942 827 2996 Hes.
938 2942 973 2999 19
990 2943 1151 3010 στρατηγῶν
1167 2943 1246 3009 Hes„

203 3007 357 3082 στρατηγός
374 3012 435 3066 vat.

135 3220 241 3289 quidam
256 3218 417 3287 Argivorum
434 3215 540 3270 civitati
554 3216 704 3288 adscriptus
726 3217 836 3287 primum
862 3217 896 3270 ed
919 3221 1028 3288 pontum
1045 3217 1194 3286 Euxinum,
1218 3218 1247 3270 in

134 3290 193 3342 loco
219 3295 367 3355 nuncupato
384 3285 532 3356 Ephesiete
555 3287 622 3355 (ubi
640 3287 770 3354 qnondam
787 3283 916 3357 Ephesii,
934 3287 1045 3342 coloniis
1065 3306 1097 3340 eo
1114 3288 1245 3355 deductis,

134 3361 225 3412 urbem
244 3358 384 3412 aedificare
403 3358 490 3410 conati
507 3357 623 3410 secundo
640 3357 818 3426 Byzantinum
836 3359 970 3410 oraculum
988 3357 1160 3412 audiverunt:

300 3469 409 3534 felices,
426 3483 529 3522 sacram
548 3469 595 3538 qui
609 3468 689 3521 Ponti
704 3467 732 3520 in
749 3469 870 3522 faucibus
886 3470 980 3524 urbem

302 3538 480 3607 Threicioque
498 3540 574 3592 sitem
592 3539 707 3591 condent
723 3538 749 3589 in
766 3540 856 3591 littore
874 3540 958 3607 cives,

299 3608 344 3660 hic
361 3609 407 3660 ubi
424 3611 572 3662 coeruleum
589 3609 705 3660 lambunt
721 3609 773 3660 duo
790 3609 898 3661 flumina
915 3614 1032 3678 pontum,

300 3675 382 3748 piscis
401 3679 447 3732 ubi
462 3695 611 3748 cervusque
629 3679 689 3732 cibo
706 3688 850 3732 vescuntur
867 3679 987 3748 eodem),

135 3789 226 3842 urbem
244 3787 432 3842 exadversum
450 3789 564 3843 condere
580 3789 722 3860 incipiens,
743 3807 799 3842 curn
817 3807 864 3860 spe
882 3789 1041 3857 excidisset,
1059 3787 1093 3841 ad
1101 3787 1247 3856 Byzantios

135 3875 164 3910 se
189 3858 318 3924 contulit,
347 3860 518 3928 universique
544 3860 634 3931 popuii
661 3860 802 3930 imperator
832 3861 986 3930 designatus
1007 3865 1090 3912 totam
1111 3857 1248 3910 civitatem

134 3927 256 3980 maiorem
273 3929 532 3999 splendidioremque
548 3929 672 3986 reddidit.
702 3929 775 4012 leges
793 3929 873 3982 etiam
890 3931 922 3982 de
940 3928 1104 3998 quotidianis
1122 3941 1248 3978 commer-

135 3997 182 4049 ciis
200 3999 393 4068 promulgavit,
413 4006 441 4051 et
457 4000 659 4053 consuetudines
677 3999 793 4052 insinuit
811 3999 922 4066 civiles,
949 3999 1044 4068 quibus
1062 3999 1197 4065 elegantes
1216 4011 1247 4046 uc

132 4067 259 4120 humanos
286 4069 360 4120 cives
384 4069 490 4134 effecit3
522 4071 556 4123 ad
582 4071 647 4123 haec
671 4071 734 4122 fano
757 4070 864 4122 deorum
883 4069 995 4140 piurima
1012 4067 1106 4138 purtim
1123 4065 1181 4132 ipsc
1199 4079 1248 4115 ox-

134 4137 246 4202 struxit,
264 4138 360 4206 partim
378 4139 453 4206 prius
469 4147 605 4192 exstructa
623 4139 772 4192 adornavit.
806 4157 865 4192 narn
882 4137 1005 4207 templum
1022 4136 1049 4188 in
1066 4133 1250 4202 promontorio

133 4205 304 4277 Propontidis
322 4209 450 4278 positum,
481 4211 549 4280 quod
565 4209 644 4262 Iason
659 4209 718 4260 olim
735 4208 873 4262 duodecim
891 4209 943 4260 diis
961 4206 1149 4283 dedicaverat,
1176 4202 1250 4252 diru-

135 4281 191 4327 turn
214 4277 394 4343 restauravit,
424 4287 453 4332 et
476 4279 504 4332 in
529 4287 609 4350 portu
632 4278 728 4332 Phrixi
754 4279 857 4330 Dianae
882 4279 974 4329 cedern
996 4277 1148 4325 renovant.
1187 4275 1249 4337 post

134 4343 205 4398 hunc
231 4345 364 4401 Caliiedes
382 4348 509 4417 Byzantii
533 4349 601 4417 dux,
629 4348 658 4401 in
681 4347 797 4401 externis
821 4353 849 4400 et
873 4345 998 4399 civilibus
1020 4337 1095 4392 bellis
1113 4345 1246 4396 strenuus,
