2802 4636
127 261 164 310 vr
578 235 780 306 LAMBEGII

126 472 220 540 quare
253 450 450 514 beatissimos
484 468 543 529 ego
576 467 700 536 semper
735 447 914 514 existimavi
948 447 1002 536 qui
1034 448 1115 510 hanc
1147 450 1236 514 velut

127 575 273 644 omnibus
308 573 447 638 numeris
482 574 654 660 perfectam
685 572 868 637 felicitatem
894 572 1053 638 consecuti
1078 585 1164 652 sunt,
1201 586 1236 636 ut

127 701 242 791 pariter
275 696 530 788 splendidissimo
562 697 647 764 vitae
675 708 756 760 statu
783 710 816 762 et
842 699 955 764 merito
986 695 1071 762 haud
1099 701 1235 781 vulgaris

127 825 310 890 eruditionis
349 807 544 888 venerabiles
584 822 647 886 sint
683 833 775 906 atque
813 823 984 912 conspicui.
1033 815 1153 888 in'bis
1187 823 1236 888 Te

128 973 275 1032 numero,
302 947 557 1012 Eminentissime
578 945 743 1034 Princeps,
769 946 823 1032 qui
848 968 920 1010 cum
944 946 1106 1011 maiestate
1130 969 1235 1012 sacrae

127 1097 280 1166 purpurae
305 1086 336 1138 et
361 1071 550 1162 pontificalis
573 1071 715 1136 familiae
738 1071 952 1159 praerogativa
976 1073 1050 1136 satis
1076 1072 1144 1136 sine
1168 1075 1236 1138 ullo

127 1199 254 1266 aliunde
293 1198 391 1288 petito
427 1193 598 1282 splendore
637 1199 777 1280 fulgeas,
818 1195 898 1260 adeo
931 1208 1036 1259 tamen
1064 1197 1237 1262 litterarum

127 1323 233 1392 studio
277 1325 358 1390 inter
400 1321 526 1409 publica
564 1332 669 1386 tantae
711 1319 869 1404 dignitatis
907 1341 1037 1386 munera
1079 1333 1111 1388 et
1147 1322 1238 1388 fuisti

128 1470 252 1537 semper
278 1459 309 1510 at
337 1446 514 1510 etiamnunc
539 1465 574 1510 es
599 1444 740 1525 deditus,
780 1456 815 1507 ut
840 1465 912 1508 curn
937 1445 977 1508 iis
1003 1447 1057 1532 qui
1081 1457 1146 1510 tota
1172 1449 1238 1512 vita

129 1573 215 1638 aliud
249 1573 329 1636 nihil
363 1583 491 1654 egerunt
521 1571 589 1636 iure
623 1583 655 1633 et
682 1568 828 1634 audacter
855 1567 896 1632 de
920 1570 1110 1634 multifariae
1135 1573 1239 1635 scien-

127 1699 191 1764 tiae
221 1701 325 1786 palma
355 1698 459 1784 possis
485 1693 683 1761 contendere.
733 1705 862 1758 testatur
885 1667 977 1757 enim*
994 1697 1056 1759 hoc
1083 1695 1239 1762 ditissima

127 1838 182 1890 tua
220 1823 450 1909 lectissimasque
490 1822 696 1902 bibliotheca,
739 1839 800 1906 qua
834 1832 908 1908 post
940 1821 1126 1886 Vaticanam
1157 1823 1240 1886 nihil

126 1948 231 2014 Roma
264 1949 431 2036 perfectius
466 1949 561 2012 habet
597 1959 651 2010 aut
686 1945 952 2027 magnificentium
990 1958 1119 2012 testatur
1152 1946 1239 2011 haud

128 2073 259 2154 exiguus
283 2074 506 2160 praestantium
530 2073 728 2154 ingeniorum
753 2092 916 2150 numerus,
950 2071 1062 2156 quibus
1088 2075 1159 2134 aula
1184 2083 1239 2135 tua

128 2217 286 2281 nunquam
323 2217 388 2258 uon
423 2197 484 2258 fuit
520 2207 687 2272 exornata3
730 2208 861 2257 testatur
896 2197 1057 2281 publicum
1093 2194 1239 2260 doctissi-

128 2339 253 2384 morum
276 2319 416 2382 airorum
441 2316 484 2380 de
510 2317 558 2382 Te
581 2315 751 2395 iudicium,
783 2316 840 2402 qui
865 2337 959 2405 saepe
985 2321 1239 2402 gravissimarum

128 2443 346 2532 quaestionum
376 2442 538 2510 arbitrium
570 2441 644 2508 Tibi
673 2439 862 2508 detulerunt.
912 2443 998 2529 quod
1026 2467 1097 2512 cum
1120 2447 1164 2510 ita
1189 2447 1240 2527 sit,

129 2567 269 2648 abunde,
307 2567 342 2631 ni
376 2569 487 2646 fallor,
525 2579 655 2656 apparet
689 2567 800 2653 quibus
834 2589 894 2650 ego
928 2593 1011 2636 nune
1043 2573 1144 2638 causis
1176 2574 1240 2636 im·-

128 2663 237 2785 pulsus
262 2693 414 2756 volumen
442 2691 504 2756 hoc
529 2689 698 2774 Originum
724 2690 956 2782 Gpolitanarum
982 2695 1241 2764 Eminentiasimo

130 2818 252 2885 nomini
286 2817 358 2882 Tuo
391 2813 536 2882 dedicare
568 2817 715 2884 audeam.
764 2839 880 2908 nempe
905 2814 977 2890 'mm
1008 2819 1146 2909 primum
1176 2824 1241 2886 mi·

130 2945 216 3009 nime
255 2941 364 3006 dubito
395 2941 472 3028 quin
501 2963 559 3029 pro
592 2945 741 3026 singulari
769 2955 827 3014 tuo
860 2965 932 3026 erga
964 2945 1083 3012 litteras
1116 2947 1241 3029 affectu,

129 3066 277 3156 quicquid
310 3069 372 3130 hoc
403 3069 582 3133 munusculi
613 3068 756 3134 litterarii
786 3081 849 3148 eet,
881 3069 1055 3138 laetissimo
1080 3073 1171 3138 multu
1196 3074 1241 3138 sis

131 3205 334 3281 excepturus:
374 3189 491 3258 deinde
524 3195 717 3281 praecavebo
751 3195 811 3262 hac
845 3191 1014 3262 dedicandi
1045 3198 1167 3262 ratione
1200 3219 1243 3263 ne

132 3317 312 3404 exprobrari
337 3318 419 3382 mihi
443 3319 559 3406 possit,
587 3315 672 3404 quod
698 3318 778 3386 olim
803 3319 993 3388 Anacharsiu
1014 3323 1244 3412 philosophum

130 3442 166 3506 in
191 3437 380 3508 Graecorum
406 3443 491 3510 ludis
514 3443 710 3531 improbasse
732 3447 829 3512 refert
851 3443 1008 3526 Laertius,
1038 3445 1243 3532 ἀγωνίζεσθαι

132 3565 189 3648 μὲν
222 3564 295 3640 τοὺς
327 3568 479 3650 τεχνίτας,
522 3567 633 3652 κρίνειν
668 3567 702 3634 di
734 3566 808 3644 toric
840 3566 884 3651 ud
918 3570 1064 3653 τεχνίτας.
1121 3588 1243 3640 certum

133 3687 268 3777 denique
298 3693 401 3756 habeo
427 3694 590 3760 obtensum
614 3692 752 3762 nominis
778 3693 825 3765 tui
848 3697 1066 3767 auctoritatem
1090 3719 1156 3763 non
1180 3699 1244 3764 ho·

132 3816 202 3886 nori
227 3827 347 3882 tantum
372 3818 529 3884 laboribus
555 3818 636 3886 meis
660 3821 746 3901 fore,
771 3817 887 3893 sedet
912 3821 1069 3910 praesidio
1094 3823 1245 3892 adversus

132 3943 361 4008 malevolorum
385 3943 544 4030 improbas
572 3943 828 4025 detrectationem
861 3945 949 4032 quod
975 3946 1125 4015 videlicet
1148 3971 1243 4015 namo

132 4084 226 4128 sanus
258 4087 296 4130 ea
327 4069 480 4132 lacessere
514 4089 643 4136 ausurus
670 4089 750 4156 quae
782 4069 856 4140 Tibi
882 4073 1002 4159 optimo
1030 4075 1244 4160 acerrimoque

132 4189 318 4278 scriptorum
357 4195 479 4266 censori
518 4196 695 4284 probantur.
746 4205 779 4260 et
808 4195 871 4264 bae
903 4197 1032 4282 quidem
1061 4199 1247 4286 praecipuae
