2808 4616
174 211 246 287 182
518 205 695 278 INGERTI
720 207 932 276 AUCTORIS

173 407 266 470 ἐκεῖσε
286 399 407 466 άνωθεν
424 405 479 484 τῆς
496 398 639 487 καμάρας
654 403 709 482 τῆς
726 399 803 485 πρὸς
819 397 854 462 τὸ
873 397 994 462 ἄνωθεν
1011 397 1105 484 μέρος
1122 399 1287 479 ε’τυποῦτο,

173 510 208 576 τὸ
229 514 351 591 σημεῖον
369 509 424 572 τοῦ
440 511 575 594 σταυροῦ
593 506 624 569 ἐν
640 510 678 590 τῇ
696 507 780 595 δεξιᾷ
795 504 874 590 χειρὶ
892 501 1073 584 κατέχουσα.

135 661 159 714 Ι)
273 643 325 708 Ἔν
349 649 414 718 τοῖς
440 643 648 730 Φιλαδελφίαν
672 647 727 724 τῆς
751 639 939 724 καλουμένης
963 635 1078 727 πάρτης
1094 637 1217 724 μέρεσιν
1235 641 1287 704 ε’ν-

174 745 330 832 οπνιάσθη
358 748 599 822 Κωνσταντῖνος.
652 747 717 812 ἐκεῖ
735 752 856 832 πρῶτον
880 741 1001 809 πάντων
1027 741 1081 807 τὸν
1106 739 1203 828 τύπον
1228 749 1289 809 τοῦ

175 858 310 940 σταυροῦ
337 847 506 928 ἐθεάσατο,
531 847 675 926 τυπώσας
700 849 792 916 αὐτὸν
819 851 861 924 εἷς
883 854 982 932 μῆκος
1007 849 1059 910 καὶ
1083 843 1214 927 πλάτος,
1242 844 1314 924 ιῖς5
1401 891 1402 968 J

175 955 270 1036 εἶδεν,
303 957 334 1020 ἓν
360 955 437 1018 κίονι
460 960 611 1043 πορφυρῷ
632 950 861 1041 τετραπλεύρῳ,
891 947 1057 1038 χρυσώσας
1089 948 1179 1014 αὐτόν
1186 1000 1196 1030 ,
1229 954 1289 1016 καὶ

176 1069 301 1145 σημεῖον
325 1055 457 1143 σπόγγου
475 1059 507 1121 ἓν
523 1067 588 1134 τοῖς
604 1059 675 1122 ποσὶ
692 1064 747 1122 τοῦ
765 1061 901 1142 σταυροῦ
920 1049 1178 1142 ἀσφαλισάμενος.
1228 1061 1290 1138 τῆς
1401 1057 1402 1150 J

175 1163 291 1252 μητρὸς
303 1159 424 1244 Ἑλένης
441 1163 493 1225 καὶ
509 1161 603 1226 αὐτοῦ
617 1163 667 1226 καὶ
680 1168 741 1226 τῶν
753 1161 828 1226 υἱῶν
841 1159 874 1238 ἓξ
887 1159 980 1224 atros
993 1163 1048 1223 τοῦ
1060 1153 1288 1246 τετραπλεύρου

176 1270 274 1344 κίονος
299 1261 516 1344 ἄναταπιάοας,
551 1269 593 1341 εἰς
617 1261 752 1352 θρόνους
776 1265 907 1348 ἐτίμησε.
959 1261 1076 1338 πολλάς
1100 1259 1244 1338 ὑπατείας
1268 1257 1287 1326 ὃ

137 1372 275 1457 Εμέμας
304 1371 531 1446 Κωνσταντῖνος
556 1369 587 1434 ἓν
612 1367 696 1459 αὐτῷ
718 1375 762 1458 τῷ
783 1365 867 1455 τόπῳ
885 1366 1051 1450 πεποίηκεν.
1102 1367 1134 1430 ἓν
1153 1365 1234 1455 αὐτῷ
1250 1365 1287 1430 δὲ
1295 1381 1333 1436 10

175 1473 259 1563 τόπῳ
278 1470 470 1556 ἐτιμήθησαν
487 1476 687 1559 κεντυρίονες,
714 1471 817 1537 διὰτὸ
834 1472 887 1536 τὸν
905 1469 1038 1557 σταυρὸν
1056 1469 1088 1532 ἕν
1105 1467 1288 1557 προτιμήσει

175 1575 339 1661 βαστάζειν
358 1573 529 1661 γενόμενοι,
554 1573 694 1664 ὑπεράνω
711 1581 768 1641 τοῦ
783 1573 922 1664 λαβάρου
940 1571 1193 1656 καταστήσαντες.

278 1711 407 1788 Πολλὰς
422 1713 652 1790 Καινσταντῒνος
669 1711 783 1795 στήλας
799 1713 831 1778 ἐν
848 1718 892 1801 τῷ
910 1709 997 1800 quipp)
1015 1711 1179 1798 προέθηκε,
1201 1709 1285 1792 μεθ’

178 1807 221 1882 ὧν
237 1818 288 1882 καὶ
306 1817 338 1894 ἓξ
355 1816 434 1892 ἰδίας
452 1823 638 1900 κατασκευῆς
657 1815 713 1893 ἕως
728 1811 767 1880 λ’.
818 1821 938 1904 πρῶτον
954 1813 1071 1891 άπατος
1086 1813 1115 1876 ἓν
1131 1818 1175 1900 τῷ
1192 1809 1287 1900 φάρη)

138 1927 163 1982 F
180 1922 412 2007 Καλλίστρατος
435 1917 582 2004 ἐτιμήθη·
609 1923 660 1986 καὶ
679 1920 735 2000 ἕως
751 1922 908 2002 βασιλείας
925 1918 1154 1984 Καινστακτίναυ
1170 1914 1285 1981 ὕπατοι
1296 1937 1332 1991 15

177 2025 379 2099 κωδικέλλους
395 2021 426 2088 ἓν
443 2030 486 2112 τῷ
504 2019 592 2112 φόριμ
606 2022 789 2108 ἐλάμβανον.
840 2019 856 2088 ὃ
876 2024 908 2088 δὲ
925 2023 1156 2109 Καλλίστρατος
1167 2017 1290 2097 ὕπατος

177 2125 318 2212 μεγάλως
334 2122 465 2208 ἐτιμήθη
484 2126 515 2191 ἒν
531 2133 575 2214 τῷ
592 2124 680 2215 φάρη)
687 2175 697 2207 ,
724 2124 766 2205 ὡς
783 2133 904 2212 πρῶτος
919 2127 975 2210 τήν
992 2126 1080 2204 ἀξίαν
1097 2130 1152 2190 τοῦ
1167 2121 1288 2190 sinduno

179 2226 360 2312 δεξάμενος,
386 2233 441 2291 τοῦ
461 2229 620 2309 Πρασίνου
637 2231 750 2314 μέρους
765 2237 900 2312 βοῶντος
919 2227 1176 2316 “Καλλίστρατος
1199 2228 1288 2294 εὐτυ-

72 2337 94 2390 Ρ
112 2339 164 2393 100
177 2329 253 2416 χής,
277 2333 329 2396 καὶ
353 2330 395 2405 εἰς
421 2327 496 2393 litto
513 2329 698 2416 προκάψει.”
753 2329 769 2397 ὃ
789 2333 823 2396 δὲ
840 2336 992 2421 φοβηθεὶς
1007 2333 1042 2400 τὸ
1059 2339 1114 2398 τοῦ
1132 2329 1217 2418 ἴηίου

179 2437 300 2518 τέμενος
334 2429 579 2515 καταλαμβάνει,
613 2437 663 2499 καὶ
697 2435 844 2502 εἰσελθὼν
875 2439 906 2501 ἐν
937 2437 1021 2526 αὐτῷ
1049 2434 1145 2520 ἐζήτει
1169 2435 1329 2504 άδειαν.λθ

179 2539 278 2604 πολλὰ
301 2537 532 2614 Κωνσταντΐνος
556 2545 600 2628 τῷ
626 2535 851 2628 Καλλιστράτῳ
876 2540 1050 2625 ἐξωμόσατο
1066 2542 1111 2624 μή
1130 2541 1287 2625 ἀδικῆσαι.

178 2839 267 2892 status
288 2835 318 2887 in
340 2833 473 2903 superiori
493 2839 571 2904 parte
595 2837 711 2906 supremi
733 2839 843 2892 fornicis
866 2839 957 2894 efficta
980 2847 1052 2904 erat,
1078 2839 1164 2892 crucis
1182 2841 1287 2909 signum

178 2923 257 2961 manu
271 2905 380 2958 dextera
395 2908 500 2956 tenens.

280 3005 323 3060 Ad
347 3009 449 3075 portam
472 3021 550 3074 quam
570 3006 746 3080 Philadelphii
762 3017 858 3063 vocant
876 3009 1068 3064 Constantinus
1085 3009 1113 3062 in
1131 3011 1228 3066 somnis
1246 3013 1289 3066 vi-

177 3091 234 3129 unru
259 3073 359 3128 habuit.
392 3073 447 3126 illic
472 3076 582 3144 primum
606 3077 719 3130 omnium
740 3082 824 3133 crucis
844 3081 955 3150 figuram
977 3081 1128 3150 conspexit,
1156 3098 1234 3150 quam
1256 3100 1288 3136 ea

178 3159 231 3216 qua
252 3143 358 3196 viderat
379 3143 540 3213 longitudine
563 3151 591 3197 et
613 3146 752 3201 latitudine
768 3152 914 3202 confectam
932 3149 1065 3202 columnae
1082 3151 1289 3220 porphyreticae

197 3211 383 3282 uadraugulari
405 3214 557 3268 deauratam
580 3215 721 3285 imposuit,
748 3219 926 3289 spongiaeque
950 3219 1051 3288 signum
1069 3219 1097 3271 in
1116 3221 1201 3273 crucis
1218 3221 1289 3290 pede

238 3298 280 3334 um
297 3301 326 3334 re
347 3281 429 3346 osuit3
446 3285 538 3336 matris
554 3284 617 3336 item
635 3287 768 3356 Helenae,
785 3306 858 3342 suam
876 3295 904 3340 et
920 3288 1032 3342 filiorum
1047 3289 1173 3358 imagines
1185 3307 1218 3342 ex
1228 3289 1290 3358 ipsa

178 3301 384 3422 quadrangulari
407 3352 525 3406 columne
547 3354 709 3424 efformavit,
736 3375 767 3411 ac
790 3358 894 3410 thronis
919 3359 1026 3411 honoris
1049 3375 1130 3412 causa
1151 3359 1287 3428 imposuit.

178 3421 261 3474 multa
284 3437 389 3490 quoque
413 3423 603 3476 Constantinus
626 3441 735 3495 magnus
757 3427 848 3480 codem
864 3428 921 3480 loco
938 3427 1085 3482 consularia
1102 3427 1189 3482 munia
1209 3430 1289 3484 obiit.

177 3489 327 3558 ibidemque
350 3491 517 3545 centuriones
542 3493 641 3548 honore
665 3495 750 3564 aucti,
776 3497 847 3566 quod
871 3496 955 3550 crucis
977 3499 1006 3550 in
1027 3499 1119 3552 labaro
1142 3499 1289 3567 gestandae

175 3559 365 3630 praerogativa
381 3559 475 3616 donati
490 3563 605 3617 fuerant.

280 3660 378 3714 Multas
402 3663 431 3715 in
454 3664 512 3717 foro
539 3665 728 3720 Constantinus
755 3673 856 3722 statuas
881 3669 997 3734 locavit3
1027 3670 1182 3738 quibuscum
1207 3669 1289 3724 etiem

178 3729 289 3800 triginta
313 3733 432 3802 reposuit
455 3733 488 3786 ab
514 3751 543 3787 se
564 3737 717 3790 fabricatas.
753 3739 850 3809 primus
872 3737 900 3790 in
920 3739 980 3790 foro
1004 3740 1174 3793 Callistratus
1198 3741 1292 3792 consul

177 3799 344 3854 renuntiatus
369 3808 426 3865 est3
453 3809 481 3856 et
503 3821 586 3873 usquc
610 3808 643 3860 ad
667 3807 835 3860 Constantini
851 3807 1015 3877 imperatoris
1032 3817 1133 3878 tempus
1151 3809 1291 3862 codicillos

177 3869 207 3921 iu
222 3871 281 3924 foro
298 3871 418 3922 consules
435 3871 609 3940 accipiebant.
645 3877 812 3930 Callistratus
829 3895 892 3930 vero
911 3879 1001 3930 consul
1018 3879 1165 3946 magnificis
1182 3879 1210 3930 in
1226 3879 1290 3932 foro

177 3937 317 3993 honoribus
340 3947 446 4008 suctus,
474 3943 545 4008 quod
566 3944 605 3998 ibi
628 3947 736 4012 primum
755 3946 885 4000 consulari
903 3946 1036 4016 dignitate
1054 3956 1164 4002 ornatus
1180 3948 1289 4014 inisset,

176 4004 289 4062 Prasina
304 4007 421 4062 factione
440 4009 566 4062 clamante
580 4007 770 4068 “Callistratus
786 4017 894 4068 fortuna
910 4015 1019 4068 favente
1036 4015 1147 4088 insuper
1163 4019 1198 4070 ad
1215 4017 1290 4070 aliud

177 4072 366 4140 provehetur.’'
401 4076 446 4128 ille
470 4095 533 4129 voro
558 4084 716 4148 perterritus
735 4085 770 4139 ad
787 4085 873 4137 sancti
893 4120 992 4140 ......
1011 4087 1134 4155 templum
1152 4104 1183 4140 se
1200 4087 1291 4156 prori-

178 4143 248 4220 puit,
267 4165 351 4216 eoque
368 4145 503 4216 ingressus
520 4151 689 4206 securitatem
704 4155 834 4224 poposcit.
869 4153 957 4206 multia
972 4169 1036 4206 vero
1050 4171 1079 4209 se
1093 4157 1289 4210 Constantinus

178 4217 330 4270 lurunentis
346 4215 499 4283 obstrinxit,
517 4217 583 4271 nihil
598 4219 709 4278 iniuriae
724 4227 894 4295 accepturum
904 4222 975 4278 illum
986 4239 1054 4278 esse.
1089 4223 1134 4279 ille
1152 4242 1217 4280 vero
1234 4241 1289 4278 non
