2802 4636
521 285 580 350 DE
608 284 747 352 SIGNIS
775 285 837 352 ΟΡ.
1182 284 1233 358 59

123 473 269 557 ἤχθησαν
292 475 338 536 ἐπὶ
362 473 417 556 τὴν
439 469 778 554 Κωνσταντινοάπολιν,
805 474 935 558 ίστησαν
953 475 986 539 δὲ
1003 476 1034 539 ἐν
1051 481 1094 562 τῷ
1111 471 1234 566 μεγάλῳ

125 583 245 663 λουτρῷ
262 582 316 640 τοῦ
333 579 563 643 Κωνσταντίνου
571 625 582 656 ,
607 579 735 660 πλησίον
751 585 806 643 τοῦ
824 580 1082 664 τζυκανιστηρίου.

228 680 277 744 Ἐν
304 683 336 746 δὲ
362 689 400 768 τῇ
426 684 579 768 κατωγείῳ
606 679 706 770 πόρτρ
730 688 769 768 τῇ
794 690 846 748 νῦν
872 681 1064 771 πληρεστάτη
1089 691 1236 763 στοιχεῖον

124 786 232 849 ’ίστατο
264 791 319 867 τῆς
352 787 519 864 (δειδιιλίας
544 782 738 867 Ἑλληνίδος,
765 785 850 872 οἶμαι
882 787 915 852 δὲ
946 793 1001 870 τῆς
1031 783 1237 871 ἀρχαιοτάτης

99 890 257 970 δέκείνης,
282 894 337 971 τῆς
359 888 500 974 γυναικδς
523 895 578 954 τοῦ
600 887 764 968 Βύζαντος.
816 892 963 978 ἀρθείσης
981 891 1015 955 δὲ
1032 885 1164 954 κελεάσει
1181 894 1238 954 τοῦ

123 993 278 1074 βασιλέως
301 999 356 1076 τῆς
378 990 492 1077 στήλης
513 999 624 1076 θαῦμα
648 985 688 1076 ἦν
711 995 856 1074 ἰδέσθαι,
881 995 934 1060 τδν
951 991 1045 1059 τόπον
1062 995 1172 1058 ἐκεῖνον
1189 995 1238 1056 inl

123 1095 204 1160 πολδ
236 1092 310 1160 εἶναι
336 1095 504 1180 σειόμενον,
531 1095 607 1163 ὥστε
631 1095 762 1177 πάντας,
790 1099 868 1164 ἀλλά
892 1099 954 1181 μὴν
971 1100 1022 1162 καὶ
1039 1097 1238 1179 τὸνβασιλέα

124 1195 293 1282 θαυμάσαι
319 1204 369 1265 καὶ
393 1203 479 1284 λιτὴν
503 1203 656 1279 ἐπελθεῖν,
683 1206 733 1268 καὶ
750 1201 840 1284 μόλις
857 1208 1015 1286 παυθῆναι
1032 1200 1085 1266 τὸν
1102 1197 1237 1282 σεισμόν,

124 1300 244 1384 Σάββα
267 1311 321 1368 τοῦ
345 1302 513 1372 ὃσιιοτάτου
536 1312 580 1392 τῷ
601 1303 669 1370 τότε
692 1308 894 1390 ἐνδημοῦντας
911 1310 962 1372 καί
981 1305 1143 1388 εὐξαμένου
1160 1301 1237 1392 ὑπὲρ

79 1415 117 1470 10
125 1404 250 1472 τούτου.

229 1511 281 1576 Ἔν
306 1517 344 1598 τῇ
370 1511 515 1597 λεγομένῃ
542 1511 661 1601 Nauia-‘qt
687 1515 728 1588 είς
751 1509 823 1587 aod,-
847 1509 993 1587 πλεκτοὺς
1015 1512 1117 1586 κίονας
1138 1506 1235 1594 στήλη
1254 1524 1277 1577 G

124 1615 285 1698 γυναικεία
313 1615 539 1702 χρυσέμβαφος
566 1617 689 1679 ’ίσταται
716 1615 763 1676 ἐπὶ
790 1613 928 1701 ἅρματος
954 1617 1005 1678 καὶ
1029 1613 1136 1697 βωμὸς
1161 1614 1240 1695 μετὰ

125 1721 312 1804 μοσχαριόυ.
352 1722 384 1783 ἐν
401 1715 447 1795 οἷς
464 1721 515 1783 καὶ
530 1721 619 1783 ἵπποι
633 1723 863 1806 χρυσολαμπεῖς
879 1719 1040 1802 τέσσαρες,
1058 1721 1109 1782 καὶ
1127 1720 1240 1805 διφρη-

126 1818 224 1905 λάτης
250 1825 297 1887 tul
323 1828 379 1886 τοῦ
405 1825 534 1909 δίφρου,
561 1824 592 1886 ἓν
618 1829 656 1908 τῇ
683 1826 766 1912 δεξιᾷ
792 1821 894 1908 φέρων
914 1824 992 1906 χειρί
1018 1822 1187 1904 στηλοειδές
1210 1846 1240 1884 τι

81 1923 273 2008 15άγαλμα,
300 1926 374 2010 ὅπερ
382 1974 392 2003 ,
419 1923 462 2002 ὡς
485 1923 681 2012 προεγράφη,
709 1929 751 2001 εἷς
773 1923 868 2008 τύχην
890 1931 945 2006 τῆς
969 1921 1084 2000 πόλεως
1106 1921 1122 1988 ὃ
1146 1923 1241 2008 μέγας

131 2031 365 2104 Κωνσταντῖνος
389 2029 526 2111 ἐτίμησε,
553 2032 604 2092 καὶ
628 2030 685 2106 ἕως
706 2035 761 2094 τοῦ
785 2025 918 2112 μεγάλου
945 2028 1111 2092 Θεοδοσίου
1134 2027 1241 2110 θίαμα

132 2132 218 2218 παρὰ
246 2138 308 2196 τῶν
332 2136 463 2196 πολιτῶν
487 2129 655 2216 γενόμενον.
706 2130 783 2214 μετὰ
809 2137 911 2218 κηρῶν
934 2137 1187 2219 λευκοφοροῦντες
1212 2129 1241 2196 οἳ

205 2329 221 2380 1
250 2318 351 2391 ἥκωσιν
372 2322 416 2378 ἐπί
440 2326 654 2380 Κανστοιντίνου
678 2317 747 2392 μετά
764 2321 796 2378 τὸ
814 2326 1001 2394 πληρωθῆναι
1017 2319 1070 2392 τὴν
1084 2320 1241 2394 Ἀντιοχέων

202 2387 348 2461 ἐκκλησίαν
365 2397 397 2449 C.
519 2397 536 2450 3
552 2415 580 2466 p.
597 2393 631 2448 82
649 2395 735 2448 Band.
843 2401 918 2464 forte
936 2392 1127 2466 πλησιεστοίτη.
1146 2397 1239 2450 Lamb.

204 2465 237 2516 ll
260 2481 288 2532 p.
306 2464 341 2516 43
360 2471 389 2518 et
405 2463 441 2518 82
457 2465 542 2518 Band.
682 2459 712 2517 έν
729 2464 769 2534 τῷ
786 2458 890 2532 ἅρματι
908 2463 949 2526 είς
965 2461 1030 2528 τοὺς
1047 2467 1093 2517 πλ.
1112 2485 1138 2518 κ.
1156 2460 1187 2518 ε’ν
1204 2466 1241 2536 τῇ

203 2530 335 2604 λεγομένη
354 2533 481 2603 Νεολαίηι
499 2535 532 2588 C.
619 2528 770 2602 πλεκτοὺς]
789 2531 904 2596 λευκοὺς
919 2536 983 2590 Vnt.
1073 2534 1106 2588 14
1124 2533 1239 2602 δίφρου.

203 2597 233 2653 οἱ
256 2597 289 2654 δὲ
313 2599 567 2671 πολλσίἚλλήνων
583 2601 633 2656 καὶ
648 2595 792 2666 {laetanda
808 2599 966 2672 ὑπάρχουσι
983 2599 1162 2674 κεχωσμένου·
1192 2601 1241 2656 καὶ

203 2665 275 2722 ἄλλοι
292 2669 331 2734 είς
344 2674 456 2740 πλῆθος
466 2669 643 2741 σκηνοίματοι.
662 2675 701 2739 F,
721 2673 822 2725 omissis
833 2673 953 2743 reliquis.
1056 2668 1196 2740 στηλίδιόν
1212 2692 1241 2726 τι

205 2735 315 2823 ἄγαλμα
330 2737 484 2810 διατρίγον.
519 2743 603 2795 τοῦτο
616 2737 646 2793 σί
655 2737 706 2809 μὲν
718 2738 827 2828 λέγουσι
839 2741 1054 2796 Κωνστοιντίνου
1066 2737 1240 2809 κατασκευὴν

205 2828 257 2876 την
278 2805 328 2877 (oi
341 2805 373 2862 db
387 2806 482 2878 τὴνθ)
501 2811 588 2876 ζεῦξιν
604 2805 710 2877 μάνην,
726 2829 778 2878 την
794 2807 826 2864 δὲ
844 2807 946 2880 λοιπὴν
963 2807 1085 2880 άρχαίοιν
1102 2805 1173 2862 εἶναι
1191 2808 1241 2863 καὶ

205 2873 293 2946 μηδὲν
313 2874 391 2943 παρὰ
407 2879 621 2933 Κωυσταντίνου
638 2881 911 2948 κατασκευασθῆναι.
946 2877 997 2942 ἕως
1013 2876 1065 2948 γδιρ
1087 2879 1241 2932 Θεοδοσίου

207 2947 260 2998 τοῦ
283 2943 402 3016 μεγάλου
428 2945 524 3014 θέαμα
548 2942 626 3014 παρά
654 2949 780 3011 πολίταις
803 2947 915 3016 γέγονεν
939 2943 970 3002 έν
992 2950 1032 3020 τῷ
1054 2945 1240 3016 ἱπποδρομία,

208 3010 265 3067 οἶνοί
289 3018 382 3102 κηρῶν
407 3019 511 3071 λευκῶν
534 3016 583 3070 καί
602 3015 748 3087 χλαμύδων
766 3019 925 3086 φοροῦντας
940 3015 1049 3079 πάντας
1068 3014 1241 3087 είσέρχεσδοα

205 3079 259 3152 τὴν
285 3081 378 3208 ίτροπὴν
405 3087 508 3156 στηλην
537 3079 633 3141 ἐπάνω
660 3083 786 3157 ἅρματος
813 3083 902 3157 ἤγουν
931 3084 1071 3158 κοροάγας
1105 3085 1171 3150 ἕως,
1188 3087 1240 3142 τοῦ

205 3169 247 3208 στ.
310 3191 319 3208 0

135 3329 246 3381 inerunt
273 3325 428 3395 impositae,
464 3342 533 3395 quae
560 3333 654 3396 postea
679 3328 783 3398 Cpolim
806 3329 938 3381 deductae
961 3327 1105 3382 collocatae
1128 3329 1240 3382 suntin

134 3397 243 3450 thermis
262 3397 488 3448 Constantinianis
504 3413 587 3466 prope
605 3398 851 3466 Taycanesterium.

242 3466 273 3517 In
298 3468 472 3519 subterranea
497 3474 589 3535 porta,
616 3485 685 3520 nunc
709 3469 831 3538 oppleta,
859 3465 960 3534 signum
985 3467 1073 3520 stabat
1095 3466 1240 3538 Phidaliae,

138 3539 259 3589 Graecae
287 3536 370 3599 illius,
399 3543 430 3588 ut
457 3535 564 3606 opinor,
594 3539 805 3606 antiquissimae,
834 3553 903 3605 quae
930 3553 996 3587 uxor
1024 3537 1075 3588 suit
1102 3536 1241 3604 Byzantia.

138 3621 249 3673 cumque
274 3604 347 3658 iussu
372 3604 538 3674 imperatoris
565 3611 655 3660 statua
679 3607 740 3660 inde
767 3609 929 3672 auferretur,
955 3605 1074 3658 terribile
1099 3607 1160 3659 visu
1182 3612 1242 3660 erat

139 3693 217 3744 quam
240 3674 314 3726 locus
335 3675 380 3727 ille
405 3675 563 3743 aliquamdiu
589 3683 677 3728 terrae
701 3683 772 3730 motu
789 3681 982 3729 concuteretur.
1019 3676 1067 3728 hoc
1084 3675 1123 3728 uti
1141 3693 1240 3744 omnes,

140 3745 181 3798 ita
202 3744 259 3814 ipse
282 3761 387 3812 qnoque
405 3745 549 3814 imperator
564 3747 643 3798 valde
661 3746 804 3800 admiratus
821 3745 1014 3815 processionem
1032 3745 1160 3808 instituit3
1189 3763 1241 3814 quo

139 3815 211 3868 sacto
234 3813 281 3866 vix
298 3815 402 3866 tandem
421 3816 543 3884 precibus
562 3816 647 3869 sancti
662 3815 765 3886 Sabae,
792 3815 838 3885 qui
855 3821 918 3868 tunc
935 3815 1060 3885 temporis
1078 3817 1155 3885 Cpoli
1171 3832 1242 3868 com·

138 3885 307 3947 morabatur,
323 3892 411 3936 terrae
428 3893 513 3937 motus
530 3885 618 3938 desiit.

243 3954 274 4005 In
290 3953 392 4006 Neolea
409 3969 489 4023 supra
507 3956 637 4009 columnae
655 3956 728 4008 albas
746 3953 832 4024 posita
849 3957 891 4006 est
907 3951 1028 4006 inaurata
1045 3957 1134 4005 statua
1150 3950 1243 4004 mulie-

139 4023 197 4075 bris
222 4023 313 4074 currui
334 4023 473 4091 insistens,
500 4031 528 4077 et
548 4025 622 4078 iuxta
645 4025 730 4094 ipsam
751 4041 797 4076 ara
814 4039 870 4076 cum
886 4023 987 4076 vetulo.
1022 4022 1120 4074 ibidem
1138 4037 1242 4088 quoque

139 4092 338 4161 conspiciuntur
359 4099 485 4162 quattuor
508 4095 595 4148 aurati
618 4095 681 4164 eqni
704 4099 732 4147 et
753 4093 846 4162 auriga
869 4109 971 4145 currum
988 4091 1105 4158 agitans,
1132 4089 1242 4141 dextera

139 4177 235 4228 gerens
252 4179 359 4231 parvam
375 4169 506 4231 statuam,
523 4181 614 4233 qnam,
632 4171 663 4217 ut
675 4169 737 4217 ante
748 4164 846 4216 dictum
857 4167 911 4229 est,
930 4157 1119 4213 Constantinus
1130 4173 1241 4224 magnus

139 4244 189 4297 pro
212 4231 318 4284 fortuna
334 4231 407 4284 urbis
424 4233 506 4288 coluit
521 4240 550 4287 et
567 4234 638 4289 cives
656 4251 740 4304 usque
756 4233 789 4286 ed
807 4231 985 4285 Theodosium
1002 4239 1122 4290 magnum
1138 4225 1242 4308 solenni

138 4297 295 4354 celebritate
316 4299 488 4358 honorarunt.
525 4304 590 4359 albis
606 4303 675 4360 euim
694 4319 781 4360 omnes
797 4301 887 4356 iadati
901 4297 1022 4354 vestibus
1038 4297 1154 4345 statuam
1170 4293 1240 4346 illam
1337 4357 1341 4366 ι
