2802 4636
473 296 540 362 'DE
567 297 819 364 ORIGINIBUS
847 297 907 364 CP.
1227 297 1252 362 o

140 488 176 555 δέ
199 513 246 566 τις
269 491 330 552 τῶν
354 485 388 550 ἐκ
414 483 545 552 Τυάνιυν
570 484 706 569 τοόνομα
727 481 944 575 Ἀπολλώνιος
967 483 1001 547 ἐκ
1028 483 1120 548 λίθου
1145 488 1253 562 ξεστοῦ

139 601 219 677 τρεῖς
237 585 423 672 ἀνεστήσατο
449 588 636 677 πελαργοός,
662 587 901 675 ἀντιπροσώπως
927 583 1063 672 δρῶντας
1090 587 1252 671 ἀλλήλους,

140 697 174 760 ol*
186 697 238 759 καὶ
255 696 345 778 μέχρι
363 699 419 759 τοῦ
438 701 490 758 νῦν
508 696 719 776 διαμένουσιν,
747 694 782 758 ori
803 699 1030 780 συγχωροῦντες
1055 692 1251 779 ε’πιφοιτήσαι

137 805 176 888 τῇ
192 796 279 864 πόλει
297 798 331 862 τό
349 805 410 864 τῶν
427 804 586 884 πελαργῶν
603 799 696 883 γένος.

114 915 130 966 5
236 903 305 966 Ἐπὶ
332 904 365 966 δέ
389 911 454 978 τοῖς
480 903 646 988 εἰρημένοις
671 908 726 968 τοῦ
753 907 925 986 στρατηγοῦ
949 900 1080 965 Διναιοῦ
1103 898 1157 965 τόν
1181 902 1251 982 βίον

135 1005 395 1088 μεταλλάξαντος,
413 1007 509 1070 Λέων
527 1033 573 1084 τις
588 1013 649 1072 τῶν
663 1009 838 1084 Βυζαντίων
854 1005 911 1090 τήν
931 1005 1165 1091 ἀριστοκρατίαν
1184 1006 1250 1070 εἰλέ-

136 1114 227 1189 ξατο,
255 1110 302 1198 ἐφ’
332 1102 367 1174 οὗ
387 1112 539 1187 Φίλιππος
564 1107 579 1176 ό
608 1116 668 1177 τῶν
685 1107 878 1176 Μακεδόνων
902 1105 1065 1191 βασιλεύς,
1087 1105 1251 1190 Ἀριάνταν

135 1223 208 1290 παΐς
226 1211 369 1300 γεγονώς,
396 1214 511 1298 πολλήν
530 1212 714 1300 ἐπαγόμενος
733 1212 862 1298 δύναμιν
879 1210 1046 1298 ἐπολιόρκει
1070 1212 1125 1296 τήν
1148 1211 1246 1291 πόλιν,
1265 1221 1288 1274 C

136 1317 267 1405 διάρυξί
287 1344 318 1383 τε
343 1321 394 1382 καὶ
417 1325 595 1400 πολεμικαῖς
619 1329 771 1402 μηχαναῖς
793 1327 858 1394 τοῖς
880 1319 989 1400 τείχεσι
1013 1314 1248 1402 προσπελάζειν·

94 1425 189 1488 1οκαλ
216 1419 330 1506 ταότην
354 1421 393 1488 ἀν
420 1419 480 1488 εἷλε
505 1421 617 1513 ῥηιλίιος
641 1423 748 1500 νυκτὸς
765 1420 986 1504 ἐπιλαβόμενος
1005 1419 1172 1504 ἀσελήνου,
1198 1424 1251 1484 καὶ

134 1524 256 1611 όμβρου
274 1527 516 1612 καταρραγέντος
533 1529 666 1605 ἐξαισίου
672 1576 683 1608 ,
702 1532 728 1592 εἷ
745 1525 788 1608 μή
805 1552 852 1602 τις
870 1526 974 1602 αὐτοῖς
986 1528 1137 1589 τοῦθειόυ
1148 1526 1250 1609 γέγονε

134 1632 315 1712 συμμαχία,
332 1629 405 1707 τούς
421 1631 499 1696 κατά
517 1630 572 1714 τήν
584 1629 672 1696 πόλιν
684 1630 761 1716 πρὸς
773 1627 890 1713 ὑλακήν
904 1626 1133 1712 ἀναστήσαντας
1146 1625 1250 1704 κύνας,

134 1737 186 1798 καὶ
203 1735 332 1822 νεφέλας
348 1735 445 1820 πυρὸς
462 1744 526 1811 τοῖς
543 1733 693 1822 ἀρκτώοις
710 1733 873 1818 ἐπάγοντος
897 1732 1018 1810 τόποις·
1045 1735 1077 1809 ἐξ
1102 1723 1194 1814 οὗπερ
1220 1733 1250 1796 oi

135 1841 230 1921 ἀῆμοι
255 1839 465 1924 ε’πεγερθέντες
491 1837 551 1921 ήιλη
576 1839 632 1918 τήν
660 1837 747 1902 πόλιν
773 1833 833 1902 ἀπὸ
858 1843 902 1922 τῷ
922 1839 1064 1922 Φιλίππῳ
1088 1836 1250 1918 γενομένην

91 1948 126 2002 15
136 1940 304 2026 ε’ρρόσοιντο
311 1989 322 2019 ,
349 1937 554 2020 ἀναλαβόντες
572 1941 643 2017 τοὺς
661 1941 893 2025 διαφθαρέντας
909 1937 1043 2021 πόργους
1059 1947 1122 2013 τοῖς
1139 1940 1172 2001 ἐκ
1189 1943 1251 2000 τῶν

133 2045 244 2130 τάφων
261 2044 492 2128 παρακειμένοις
509 2046 626 2122 λίθοις,
652 2047 703 2107 καὶ
721 2039 1015 2125 ἀνοικοδομήσαντες
1032 2041 1088 2116 τὰς
1113 2039 1251 2117 ἐπάλξεις

134 2153 192 2212 τοῦ
210 2148 347 2228 τείχους,
374 2136 410 2210 οὗ
429 2145 467 2228 δή
481 2143 575 2231 χάριν
591 2147 625 2210 τὸ
643 2157 740 2227 τεῖχος
756 2143 952 2227 τυμβοσόνην
975 2141 1122 2208 ἐκάλεσαν
1128 2192 1138 2222 ,
1165 2149 1247 2226 λαμ·
1263 2159 1288 2212 D

135 2249 321 2336 παιληφόρον
333 2245 462 2331 Ἑκάτης
479 2247 703 2330 ἀναστήσαντες
727 2246 861 2332 ἀγαλμα.
914 2238 1009 2324 αὖθις
1026 2248 1061 2311 ἀὲ
1078 2249 1155 2332 πρός
1172 2274 1248 2311 ναυ-

134 2355 251 2438 μαχίαν
280 2353 441 2438 τραπέντες
466 2359 644 2437 περιφανῶς
672 2351 745 2427 τοὺς
777 2347 968 2426 Μακεδόνας
995 2351 1145 2434 ἐνίκησαν.
1196 2357 1248 2415 καὶ

90 2455 234 2544 λθτοότῳ
258 2464 302 2543 τῷ
325 2453 429 2542 τρόπῳ
456 2457 657 2531 διαλυθέντος
674 2461 730 2520 τοῦ
747 2456 881 2537 πολέμου
902 2457 1054 2531 Φίλιππος
1071 2469 1252 2541 παραχωρεῖ

135 2563 324 2641 Βυζαντίοις.

234 2665 316 2728 Ἐπεί
335 2661 369 2726 δέ
386 2663 437 2726 καὶ
454 2663 549 2728 Λέων
567 2662 619 2727 τόν
636 2665 704 2744 βίον
720 2657 924 2746 μετήλλαξεν,
951 2657 968 2728 ὃ
986 2667 1047 2726 τῶν
1061 2659 1247 2744 Ἀθηναίων

204 2883 223 2934 2
245 2873 463 2941 ἀντιπροσώπους
480 2877 546 2930 Hes.
562 2895 611 2946 pro
632 2871 662 2928 έν
679 2893 708 2929 τε
725 2873 894 2942 προσώποις.
1035 2874 1053 2925 5
1079 2873 1162 2926 (λίνεα
1178 2873 1245 2926 Hes.

208 2953 242 3005 13
267 2945 357 3013 πυρός
371 2952 431 3008 τοῖς
446 2941 584 3012 οἶριιτώοις
605 2977 639 2986 -
662 2941 760 3006 τόποις
784 2949 849 3001 Hes.
868 2965 916 3018 pro
934 2941 1005 3014 πρός
1021 2937 1088 3006 τοὺς
1103 2937 1248 3012 ἀρκτοίους

181 3017 182 3022 ’
207 3049 244 3059 -
260 3013 373 3078 τόπους.
477 3018 513 3072 18
528 3015 685 3086 ναυμαχίας
701 3016 768 3069 Hes.

138 3206 321 3274 adorirentur,
338 3211 448 3279 stupore
464 3207 580 3279 perculsi
596 3211 686 3260 arants
704 3204 752 3260 sed
768 3207 813 3259 vir
829 3205 933 3278 quidam
951 3207 1080 3276 Tyaneus
1091 3202 1245 3275 Apollonius
1267 3239 1271 3244 ι

136 3279 254 3345 nomine,
274 3285 329 3330 tres
346 3280 464 3332 ciconias
482 3296 516 3331 ex
532 3277 620 3348 lapide
638 3277 697 3329 albo
715 3278 829 3330 obversa
845 3277 917 3330 facie
934 3294 963 3329 se
980 3283 1069 3330 mutuo
1087 3274 1245 3343 aspicientes

137 3349 237 3412 erexit,
266 3365 334 3416 quae
359 3349 458 3402 adhoc
475 3365 559 3418 usque
576 3354 680 3416 ternpus
697 3347 794 3400 durant
810 3365 896 3417 neque
914 3346 1028 3400 ciconias
1047 3346 1075 3398 in
1090 3345 1181 3398 urbem
1197 3361 1245 3397 ve-

137 3417 194 3470 nire
210 3418 378 3487 permittunt.

241 3487 395 3542 Post·haec
411 3487 513 3541 Dinaea
539 3488 675 3558 praelecto
700 3489 802 3538 mortuo
825 3486 883 3538 Leo
907 3485 1010 3555 quidam
1026 3483 1153 3554 Byzantii
1178 3500 1247 3536 sum-

136 3573 203 3609 mum
219 3558 401 3626 magistratum
418 3557 556 3627 suscepit,
577 3559 625 3609 sub
644 3573 696 3624 quo
713 3556 849 3626 Philippus
867 3555 1039 3608 Macedonum
1057 3573 1120 3623 rex,
1146 3553 1246 3620 Amyn-

136 3634 181 3679 tae
207 3627 292 3691 lilius,
323 3629 425 3696 magnis
452 3627 538 3696 copiis
561 3627 672 3678 admotis
696 3626 787 3678 urbem
811 3627 929 3692 obsedit,
961 3633 990 3678 et
1018 3624 1147 3678 cuniculis
1175 3623 1247 3675 aliis-

136 3713 188 3765 que
205 3696 331 3748 machinis
347 3698 448 3750 bellicis
466 3714 553 3750 muros
578 3713 719 3764 aggressus
745 3704 796 3748 est.
833 3701 861 3747 et
884 3713 949 3748 sane
975 3696 1057 3748 facilc
1083 3711 1137 3746 eam
1163 3709 1246 3760 expu-

136 3773 245 3834 gnasset
262 3773 340 3818 noct'e
357 3767 432 3819 illuni
449 3775 477 3819 et
494 3766 619 3818 immensa
637 3765 726 3835 pluvia
743 3765 942 3832 adiuvantibus,
971 3764 1022 3816 nisi
1040 3765 1100 3834 quis
1118 3764 1183 3815 dens
1204 3770 1247 3811 tu-

135 3836 211 3888 lisset
231 3853 322 3904 opem,
341 3843 370 3888 et
388 3853 467 3888 canes
483 3853 531 3904 per
549 3838 640 3888 urbem
658 3836 692 3888 ad
709 3836 833 3888 latratum
852 3835 1008 3900 excitasset,
1028 3835 1164 3902 nubesque
1183 3831 1248 3882 luci-

135 3905 182 3957 das
200 3905 232 3956 ad
252 3907 458 3973 septentrionem
475 3906 653 3974 produxisset.
689 3923 722 3956 ea
739 3923 770 3956 re
788 3904 908 3956 suscitati
925 3905 997 3956 cives
1016 3905 1106 3956 urbem
1124 3903 1172 3952 iam
1190 3901 1247 3950 lere

136 3993 153 4026 a
175 3973 428 4045 Philippocuptam
451 3982 660 4040 conservarunt,
689 3981 829 4044 turresque
855 3982 883 4026 et
900 3991 1030 4027 murorum
1054 3969 1248 4042 propugnacula

135 4043 299 4096 labefactata
315 4063 348 4097 ex
363 4045 492 4113 lapidibus
505 4045 695 4115 sepulcralibus
712 4051 905 4098 restaurarunt.
941 4043 997 4096 eius
1015 4042 1056 4094 rei
1073 4039 1159 4108 gratia
1176 4037 1247 4088 illum

136 4129 234 4164 murum
259 4115 479 4182 cognominarunt
505 4116 698 4184 sepulcretum,
727 4122 818 4168 erecta
843 4113 919 4166 simul
942 4110 1114 4178 lampadilera
1130 4106 1247 4156 Hecates

137 4189 236 4234 statue.
271 4193 366 4252 postea
383 4183 447 4236 iero
466 4184 499 4236 ad
517 4202 631 4253 pugnam
648 4187 766 4238 navalem
784 4185 885 4236 reversi
908 4181 1006 4234 illustri
1033 4177 1106 4228 clade
1124 4173 1248 4224 Macedo-

136 4267 182 4302 nes
210 4251 368 4317 affecerunt3
400 4255 567 4323 quamobrem
588 4249 725 4324 Philippus
750 4255 820 4306 bello
845 4253 885 4304 ita
909 4251 985 4302 finito
1005 4241 1139 4324 Byzantiis
1157 4242 1246 4293 cessit.

240 4323 385 4393 Postquam
397 4330 484 4378 eutem
491 4323 546 4378 Leo
556 4341 661 4394 qnoque
672 4325 811 4378 arcessite
822 4313 1094 4387 russilionensium
1105 4317 1247 4379 lmperator
