2808 4616
230 249 290 314 DE
314 243 523 314 Annorum
546 245 605 312 ET
629 245 945 319 IMPERATORUM
970 254 1104 323 SERIE.
1144 254 1218 328 163

113 432 242 504 Δοάκαν
256 434 402 513 Ἀλίξιον·
428 430 445 500 5
464 433 498 500 δὲ
513 433 661 518 Κανοβδς
676 430 768 502 ἑάλω.
819 439 871 504 καὶ
888 439 1080 522 ἐβασίλευσεν
1096 438 1114 506 5
1132 439 1219 510 Δοά-

114 568 171 620 κας
195 537 298 628 κάριος
319 536 450 616 Ἀλίξιος
472 544 572 622 μῆνας
597 535 641 621 β’.
693 537 793 606 ἓκτότε
812 533 865 608 οὖν
882 541 1150 634 ἀναισχυντότερον
1166 549 1219 614 καὶ

113 643 291 734 ἀναφανδὸν
306 640 436 732 ἤρξαντο
455 642 485 706 oi
500 643 635 708 Amisos
651 640 707 728 τήν
723 669 795 710 ποτε
811 648 959 728 βασιλίδα
974 655 1145 736 πολιορκεῖν
1156 656 1218 718 τῶν

111 746 229 814 πόλεων
236 795 246 828 ,
271 748 323 811 καὶ
348 749 390 823 εἷς
414 743 502 834 ἴργον
524 745 560 812 τὸ
586 749 816 835 προβουλευθέν
839 751 891 816 διά
907 753 1039 840 βραχέος
1056 754 1216 840 ἐξηνέχθη,

84 855 164 918 ὁκαὶ
191 849 208 917 5
233 849 378 933 βασιλεὺς
404 849 643 937 ᾐχμαλωτίσθη,
671 853 722 916 καὶ
747 849 842 938 δούλη
866 855 983 941 γίγονεν
1005 854 1026 942 ηι
1050 858 1140 946 κυρία
1164 860 1255 924 καὶΒ

107 949 304 1041 παντάπορος
327 950 348 1036 ἡ
374 950 563 1036 πολάολβος,
588 957 640 1020 καί
665 955 920 1042 ἓβεβηλάθησαν,
947 959 1028 1044 οἴμοι
1053 959 1151 1045 οἴμοι,
1176 959 1216 1028 τά

106 1055 199 1144 άγια,
226 1057 259 1122 αἱ
283 1053 367 1142 άγιαι
385 1053 494 1134 εἲκάνες
510 1055 784 1144 κατεπατήθησαν,
812 1058 997 1129 ἳπποστάσια
1013 1061 1170 1150 γεγόνασιν
1187 1065 1217 1131 οἳ

105 1168 188 1227 θεῖοι
212 1160 298 1240 ναοί,
326 1163 417 1225 εἲπεῖν
440 1160 483 1224 δι’
510 1159 612 1247 ὀλίγου
635 1161 671 1228 τδ
693 1169 773 1244 πᾶν,
799 1165 1019 1255 ἐγκατελείφθη
1036 1165 1056 1252 ἢ
1074 1165 1217 1257 θυγάτηρ

105 1266 190 1332 Eam
207 1262 250 1341 ὡς
266 1262 361 1347 σκηνὴ
380 1263 411 1327 ἓν
428 1266 582 1346 ἀμπελῶνι
598 1267 649 1330 καὶ
666 1262 707 1343 ὡς
725 1268 977 1356 ὃπωροφυλάκιον
990 1273 1021 1336 ἓν
1034 1267 1217 1362 σικυηλάτιρ,

63 1367 221 1458 1οἴρημος
236 1365 351 1443 παντὸς
369 1365 493 1452 ἀγαθοῦ
496 1415 507 1446 ,
533 1364 652 1456 πλήρης
667 1373 818 1437 παντοίων
835 1379 946 1439 κακῶν.

215 1483 376 1573 Θεόδωρος
409 1483 426 1550 5
459 1483 654 1573 Λασκάρης,
694 1487 772 1577 ἀνὴρ
807 1488 953 1575 γεννάδας
982 1493 1033 1556 καὶ
1062 1489 1216 1579 κραταιός.

107 1582 199 1668 οὗτος
228 1592 280 1657 καὶ
311 1589 339 1654 οἱ
368 1587 437 1672 μετ’
464 1587 557 1654 αὐτὸν
579 1591 669 1678 μέχρι
693 1599 749 1656 τοῦ
771 1590 894 1676 πρώτου
917 1591 1135 1682 Παλαιολόγου
1159 1621 1216 1661 κν-

106 1695 175 1782 ρίου
202 1691 335 1776 Μιχαὴλ
360 1695 466 1778 διῆγον
489 1689 606 1776 ἔχοντες
628 1693 668 1760 τά
690 1696 831 1777 βασίλεια
856 1699 888 1762 ἓν
911 1703 951 1786 τῇ
971 1697 1056 1792 Ἀσίη
1074 1708 1112 1790 τῇ
1130 1699 1214 1768 άντι-

105 1799 202 1884 πίραν
227 1797 346 1881 δηλαδὴ
371 1795 740 1878 Κωνσταντινονπάλεως,
767 1796 902 1886 φυγάδες
925 1800 1008 1880 άντις
1025 1813 1090 1883 τοΐς
1106 1807 1252 1874 Aorsi-O

61 1909 186 1982 15νοις,
212 1899 263 1984 ἴτη
282 1897 338 1965 ιθ’.

209 2020 305 2088 Μετδι
331 2026 439 2084 τοῦτον
465 2015 629 2106 ἐκράτησεν
652 2016 793 2103 Ἰωάννης
818 2017 835 2084 ὃ
861 2019 988 2101 Λοάκας
1014 2023 1031 2092 ὃ
1057 2025 1215 2113 λεγόμενος

105 2120 285 2208 Βατάτζης,
311 2123 434 2198 συνετὸς
452 2124 502 2186 καί
520 2118 698 2210 βριαράχειρ
716 2123 898 2212 άναφανείς,
925 2124 976 2212 ἴτη
994 2124 1050 2214 λγ’.

204 2242 242 2326 Ὁ
258 2242 362 2332 κάριος
382 2237 543 2330 Θεόδωρος
560 2239 577 2308 5
594 2240 771 2329 Λασκάρης
787 2240 803 2310 5
823 2243 978 2334 δεύτερος,
1001 2243 1017 2312 5
1035 2247 1102 2326 υἱὸς
1118 2248 1213 2318 αὐτοῦ

103 2347 120 2415 5
138 2347 437 2437 πορφυρογὲννητος,
463 2344 514 2428 ἴση
531 2343 560 2430 γ’
576 2347 628 2409 καί
644 2343 751 2428 ἥμισυ.

58 2485 96 2538 20
206 2467 301 2535 Μετά
324 2471 431 2532 τοῦτον
455 2461 619 2550 ἐκράτησεν
641 2468 692 2530 καί
717 2466 910 2547 ἐβασίλευσεν
932 2465 949 2533 5
973 2471 1120 2558 κραταιὸς
1140 2476 1212 2539 Μι-

100 2572 183 2657 χαὴλ
200 2570 216 2637 5
233 2577 353 2660 πρῶτος
369 2574 431 2635 τῶν
446 2564 688 2654 Παλαιολόγων,
714 2566 748 2646 ὃς
772 2569 878 2647 ἐξέωσε
894 2572 967 2650 τοὺς
983 2574 1141 2654 Λατίνους
1157 2583 1212 2661 τῆς

101 2677 263 2759 βασιλίδος
279 2681 339 2740 τῶν
354 2669 488 2751 πόλεων,
514 2674 566 2736 καί
583 2671 738 2737 άπίδωκεν
754 2673 832 2760 οὔτῇ
849 2672 939 2742 πάλιν
956 2677 1010 2744 τδν
1027 2682 1136 2747 οῗκεῖον
1153 2679 1212 2745 αὖ·

32 2863 34 2869 .
102 2785 159 2864 τῆς
175 2775 308 2862 κόσμου’,
333 2775 383 2858 ἴση
401 2770 448 2838 κδ’
465 2779 566 2857 μῆνας
581 2772 613 2857 β’
630 2771 747 2863 ἡμέρας
763 2771 801 2840 κ’.

101 3025 155 3078 qne
180 3005 290 3059 Canobo
314 3001 457 3072 imperavit
478 3001 596 3054 dominns
618 3001 728 3056 Alexins
750 3003 840 3058 Duces
856 3019 958 3057 menses
975 3005 1003 3058 2.
1036 3008 1100 3060 tuno
1119 3005 1210 3061 Latini

100 3076 220 3147 cpolim,
236 3074 298 3127 olim
314 3071 431 3140 reginam
448 3071 554 3138 urbem,
571 3072 679 3140 gravius
697 3079 725 3126 et
737 3075 902 3128 manifestius
918 3074 1040 3128 obsidere
1055 3083 1209 3147 coeperunt,

100 3153 130 3200 et
155 3145 233 3199 brevi
258 3149 378 3211 coeptum
404 3140 438 3193 ad
460 3141 537 3195 finem
560 3141 715 3210 perductum
738 3151 795 3211 est,
823 3149 954 3213 captoque
970 3145 1129 3214 imperatore
1146 3148 1209 3200 urbs

100 3215 205 3270 domino
229 3213 258 3265 in
284 3211 440 3266 servitutem
463 3212 572 3264 redacta
595 3218 636 3264 est
654 3218 684 3266 et
704 3214 849 3284 omnigenis
869 3215 975 3284 oppleta
993 3214 1120 3268 miseriis:
1149 3233 1208 3270 nam

100 3302 176 3339 secra
201 3285 341 3355 profanata
364 3286 440 3348 sunt,
468 3286 497 3332 et
514 3286 621 3334 sanctae
637 3281 765 3352 imagines
783 3284 965 3351 conculcatoe,
992 3291 1020 3337 et
1037 3284 1086 3336 deo
1103 3290 1209 3340 sacrate

98 3355 198 3424 templs
214 3354 244 3406 in
260 3352 365 3405 stabula
382 3367 508 3419 equorum
525 3356 640 3419 mutate,
660 3357 689 3404 et
704 3358 735 3404 nt
752 3354 895 3408 summatim
913 3353 998 3406 omnia
1015 3353 1113 3422 dicam,
1132 3355 1208 3408 dere-

99 3423 164 3476 licta
189 3428 231 3476 est
254 3421 309 3474 filia
332 3419 398 3472 Sion
419 3426 449 3472 ut
470 3421 647 3474 umbraculum
664 3422 692 3474 in
708 3423 788 3475 vinea
806 3427 834 3475 et
851 3423 920 3476 sieut
936 3423 1069 3492 tugurium
1085 3423 1113 3477 in
1129 3441 1207 3479 enon-

99 3493 199 3561 morio,
219 3507 306 3544 vacue
323 3490 391 3542 omni
408 3491 478 3543 bono
496 3495 525 3541 et
540 3491 640 3542 referta
657 3491 800 3560 omnigenis
818 3492 941 3546 miseriis.

203 3561 361 3614 Theodorus
387 3560 531 3623 Laenates,
557 3557 600 3612 vir
625 3577 768 3630 generosus
793 3567 822 3614 et
845 3568 954 3632 potens,
981 3563 1010 3613 et
1031 3563 1131 3615 caeteri
1146 3565 1208 3632 post

98 3631 109 3683 i
129 3647 185 3684 snm
209 3647 294 3700 usqne
318 3629 353 3682 ad
378 3629 491 3698 primum
514 3629 700 3700 Palaeologum
725 3631 855 3684 dominum
881 3631 1051 3699 Michaelem,
1078 3631 1166 3702 fugati
1191 3647 1208 3685 a

125 3701 218 3769 atinis,
244 3700 348 3771 imperii
375 3700 463 3752 sedem
485 3705 632 3768 posuerunt
648 3701 675 3752 in
691 3699 770 3766 Asia,
797 3701 942 3770 eregione
958 3701 1060 3755 scilicet
1077 3701 1206 3774 Cpoleos3

98 3771 294 3840 imperavitque
311 3770 470 3822 Theodorus
487 3769 616 3822 Laenates
634 3787 715 3822 annos
732 3770 775 3824 19.
867 3835 869 3840 ,

167 3842 267 3963 33Post
297 3840 366 3893 huno
395 3840 535 3909 imperavit
560 3839 671 3892 Ioannes
695 3840 784 3893 Duces
811 3843 981 3908 cognomento
1006 3838 1132 3894 Betotzes
1157 3853 1204 3891 an-

98 3925 147 3962 nos
205 3949 212 3964 .
797 3937 799 3942 ·

202 3977 328 4032 Dominus
354 3975 512 4030 Theodorus
537 3976 666 4031 Lescares
693 3977 837 4048 secundus,
871 3977 939 4030 filius
969 3977 1026 4031 eins
1050 3975 1204 4046 Porphyro·

98 4045 220 4118 genitus,
246 4048 390 4118 imperavit
407 4064 489 4100 annos
507 4045 524 4100 3
542 4065 598 4101 oum
615 4048 732 4102 dimidio.

200 4117 267 4169 Post
298 4119 367 4170 hunc
391 4116 501 4187 imperio
525 4119 625 4186 potitus
650 4122 691 4172 est
715 4116 829 4172 Michael
853 4115 953 4188 primns
977 4113 1203 4179 Palaeologorum‚

95 4185 144 4257 qni
160 4184 273 4238 Latinos
292 4187 370 4256 cpoli
388 4187 504 4256 expulit,
530 4189 607 4256 eique
624 4188 761 4257 pristinum
778 4187 942 4259 splendorem
960 4182 1096 4247 restituit,
1121 4177 1203 4250 impe-

95 4256 222 4326 revitqne
240 4271 323 4308 annos
339 4255 375 4310 24
392 4273 493 4310 menses
510 4257 527 4310 2
545 4259 602 4312 dies
617 4259 662 4316 λθ.
