2808 4616
486 266 546 334 DE
570 261 796 334 AEDIFIGIIS
823 262 884 332 GP.
1162 263 1236 334 119

236 459 285 530 Ἦ
311 454 442 545 τιανογία
472 449 619 533 θεοτάκος
650 454 685 522 οδ
717 450 919 544 Κράοταλλον
946 453 998 520 διδ
1022 459 1112 522 τοῦτο
1138 452 1276 534 atzmu

138 567 274 652 ἐκλήθη,
299 563 345 631 δτι
369 567 425 628 τοῦ
445 558 656 645 Λεονμακέλου
680 558 773 626 ἐκεῖσε
796 558 989 649 διερχομένου
1007 558 1057 646 ἐφ’
1073 558 1157 650 innuo
1171 584 1237 644 χει·
1277 600 1285 618 2
1383 607 1386 614 .

136 679 241 758 μῶκος
257 669 341 745 όντος
357 663 546 755 κρύσταλλον
562 663 648 730 ἔπεσε
665 666 715 729 καί
732 662 842 732 ἔδακεν
859 660 961 730 αὐτόν.

237 774 316 860 Περὶ
341 771 374 835 δέ
396 775 457 836 τῶν
470 769 585 856 'Halon
601 765 717 855 λέγεται
733 765 780 835 δτι
797 767 827 834 oi
844 764 1087 850 ἀποθνήσκοντες
1103 768 1162 830 τοῖν
1179 790 1237 832 πο-

111 882 227 944 alnov
251 875 312 964 πρὸ
338 879 394 940 τοῖν
416 878 579 956 κτισθῆναι
601 869 655 937 τὸν
678 867 763 956 ἅγιον
786 873 919 938 Λουκάν
941 873 1033 936 ἐκεῖσε
1055 865 1238 935 ἐθάπτοντο.

136 978 231 1047 έκτισε
249 980 283 1044 δέ
300 980 393 1044 ἐκεῖσε
409 977 483 1042 ναδν
498 981 555 1044 cori
570 971 658 1060 άγέου
675 977 707 1038 Γ
704 977 847 1065 ρηγορίου
862 974 878 1041 ὃ
891 975 986 1061 μέγας
998 975 1238 1050 Κωνσταντῖνος.

134 1083 234 1150 ἰστέον
259 1079 306 1148 ὅτι
329 1083 380 1146 καὶ
404 1087 524 1168 πρῶτον
548 1083 590 1157 εἰς
606 1077 641 1146 cd
658 1076 828 1159 Βυζάντιον
844 1079 945 1146 ἐλθιδν
961 1076 978 1144 δ
997 1075 1082 1164 ἅγιος
1093 1075 1237 1163 Ἀνδρέας

134 1187 228 1254 ἐκεῖσε
245 1183 369 1252 ἐκάθισε
388 1186 439 1249 καὶ
456 1184 612 1250 ἐδίδασκεν
617 1229 628 1263 ,
647 1179 710 1248 εἶτα
727 1180 932 1272 ἐχειροτόνησε
947 1181 1001 1250 τόν
1015 1179 1101 1268 ἅγιον
1114 1177 1237 1264 Στάχυν

135 1294 178 1370 εἰς
200 1289 257 1376 τὴν
281 1286 370 1374 ἁγίαν
391 1283 524 1374 Εἰρήνην
547 1292 603 1352 τοῦ
618 1283 760 1352 Γαλάτου
777 1286 928 1375 πέραθεν·
954 1281 1070 1370 ἐκλήθη
1088 1284 1123 1350 δέ
1139 1281 1237 1362 οὕτως

86 1405 129 1462 10
137 1392 198 1462 άπό
215 1418 296 1469 τινος
308 1389 452 1456 Γαλάτου
465 1389 578 1477 άνδρδς
590 1391 682 1454 ἐκεῖσε
697 1392 859 1469 οἰκοῦντος.
910 1389 927 1458 ὃ
945 1391 979 1455 δέ
996 1387 1080 1474 άγιος
1092 1387 1236 1477 Ἀνδρέας

134 1497 195 1584 πρὸ
213 1504 268 1563 τοῦ
285 1494 419 1582 μεγάλου
436 1493 668 1560 Κωνσταντένου
685 1484 781 1578 ἦλθεν
798 1496 839 1571 εἰς
854 1493 890 1560 τὸ
907 1489 1093 1574 Βυζάντιον,
1119 1493 1170 1556 καὶ
1195 1493 1236 1569 εἰς

133 1601 173 1666 cd
199 1597 344 1686 λεγόμενα
364 1595 529 1685 Ἀρματίου
554 1597 675 1682 ἐποίησε
699 1595 756 1680 τὴν
780 1597 895 1682 σκηνὴν
919 1596 1082 1663 αὐτοῦκαὶ
1099 1591 1274 1679 ἐκάθητοῐ)

134 1701 297 1771 διδάσκων.
347 1703 468 1787 ἐποίησε
492 1701 526 1766 δέ
548 1703 600 1766 καί
623 1699 756 1788 σταυρὸν
773 1702 959 1789 ἰδιοχεέρως,
986 1693 1162 1784 λατομήοος
1179 1699 1237 1764 uri-

132 1806 186 1872 τδν
210 1810 260 1872 καί
279 1803 419 1893 γλάψας,
445 1803 480 1870 δν
497 1802 620 1889 έστησεν
637 1808 680 1882 εἰς
696 1803 751 1890 τὴν
768 1801 855 1891 ἇγέαν
870 1802 1004 1894 Εἰρήνην
1021 1803 1076 1888 τήν
1092 1800 1237 1868 παλαιάν.

86 1923 126 1978 15
133 1909 211 1994 μετά
239 1911 273 1976 δέ
298 1916 396 1975 ταῦτα
421 1899 517 1992 ήλθεν
542 1912 584 1985 εἰς
606 1907 642 1974 τό
665 1905 806 1997 νεώριον,
833 1913 875 1987 εἰς
891 1911 926 1976 ιδ
944 1906 1130 1991 καλοόμενον
1145 1931 1238 1994 κερα-

133 2014 300 2096 τέμβολον,
329 2014 380 2078 καὶ
406 2013 547 2078 ἐδίδασκε
571 2011 700 2078 κάκεῖσε.
751 2009 869 2102 ἐκλήθη
898 2012 931 2080 δέ
955 2012 1051 2089 οὕτως
1067 2007 1083 2075 δ
1101 2014 1270 2094 τοιοῦτος·Ὶ

135 2114 283 2198 ἐμβολος,
310 2111 389 2180 διότι
414 2111 510 2198 στήλη
534 2140 580 2192 τις
602 2105 657 2198 ήν,
682 2117 733 2182 καί
757 2113 858 2183 ἐπάνω
883 2117 978 2202 αὐτῆς
999 2119 1106 2181 ’ἵστατο
1130 2109 1238 2194 ζώδιον

135 2216 204 2302 ἐχον
220 2217 253 2286 ἐν
268 2224 308 2306 τῇ
323 2223 443 2307 κεφαλῇ
459 2217 594 2306 τέσσαρα
611 2217 739 2306 κέρατα,
763 2221 814 2284 καὶ
831 2225 942 2304 θαῦμα
959 2219 1072 2305 ἐγένετο
1090 2219 1122 2282 ἐν
1139 2215 1236 2304 adrui·

132 2317 217 2398 ὅστις
247 2321 307 2409 γὰρ
341 2318 417 2404 εἶχεν
443 2317 599 2405 ὑπόληψιν
629 2327 686 2386 τοῦ
716 2317 790 2385 εἰναι
821 2325 981 2410 κερατίαν,
1014 2317 1104 2406 ήνίκα
1135 2321 1237 2386 ἐλθὼν

86 2421 311 2512 λοπροσήγγιζε
331 2432 371 2512 τῇ
390 2419 503 2511 στήλη,
531 2427 557 2488 εἰ
571 2415 609 2508 ἦν
626 2419 669 2500 ὥς
683 2420 931 2509 άπελαμβάνετο,
957 2422 1087 2513 ἐγόριζεν
1102 2421 1122 2509 'l
1140 2423 1236 2509 στήλη
1253 2435 1275 2488 Ρ
1291 2431 1327 2487 60

130 2530 165 2594 ἐκ
181 2531 300 2618 τρίτου,
326 2532 353 2594 εἰ
369 2528 402 2594 δέ
419 2527 473 2594 cdx
488 2519 543 2611 ήν,
565 2527 673 2594 locato
691 2535 771 2616 σιγῇ.
820 2603 823 2608 .
986 2527 989 2534 “

203 2762 219 2813 1
236 2777 263 2830 p.
283 2757 337 2820 133,
350 2759 434 2814 Raud.
546 2757 563 2811 5
580 2752 636 2826 πρὸ
655 2787 690 2798 -
706 2758 820 2814 Δουκοῖν
837 2777 877 2814 om
892 2760 961 2829 Reg.
1074 2759 1090 2814 9
1108 2753 1236 2826 πέραθεν

203 2845 245 2881 om
263 2828 331 2898 neg.
470 2826 504 2883 17
526 2821 599 2881 διότι
621 2827 710 2895 χαλκῆ
731 2821 800 2895 άψλς
815 2817 851 2897 ἦν
868 2822 955 2882 ἐκεῖσε
971 2824 1019 2880 κοιλ
1035 2821 1131 2882 ἐπάνω
1148 2823 1234 2894 στήλη

202 2895 298 2950 ἵστατο
316 2893 416 2965 ἔχουσα
431 2888 464 2950 ἐν
480 2895 549 2964 Reg.
687 2896 722 2950 21
739 2898 816 2968 σιγῇ]
834 2897 979 2965 σιιοιιηριός
996 2895 1064 2966 Reg.

233 3097 355 3152 Ecclesia
378 3099 409 3156 S.
435 3097 562 3167 deiparae
586 3102 620 3155 ad
647 3103 757 3172 glaciem
782 3102 845 3155 inde
868 3118 1010 3172 cognomen
1036 3098 1130 3166 babet,
1164 3095 1236 3167 quod

128 3167 398 3292 1Ιιεοαοαρῆίδρίαοιεέεειιι
419 3185 488 3238 equo
511 3169 570 3223 illac
590 3173 804 3228 manavelacntem
820 3171 926 3226 hiemali
941 3179 1060 3242 tempore
1076 3167 1173 3240 glacies
1190 3167 1236 3219 de-

140 3255 154 3291 a
175 3255 237 3292 aaa
296 3253 359 3291 en.

155 3258 173 3310 p
231 3307 273 3360 De
298 3307 355 3361 loco
381 3311 531 3376 nuncupato
556 3307 622 3362 Erio
644 3312 766 3364 referunt
782 3309 842 3364 olim
861 3309 936 3366 cives
952 3309 991 3363 ibi
1009 3307 1116 3379 sepeliri
1131 3303 1236 3372 solitos,

129 3383 271 3446 antequam
295 3377 451 3430 conderetur
473 3379 655 3432 coemeterium
677 3381 707 3432 S.
727 3381 827 3434 Lucae.
861 3379 958 3433 ibidem
976 3377 1167 3434 Constantinus
1183 3392 1238 3428 ma·

130 3446 659 3570 abstulitattulit
675 3449 828 3570 ·⁸⁰¹⁹¹¹¹¹¹¹¹i¹
845 3458 887 3504 ‘⁸‘
903 3447 1155 3571 ll⁰⁶t⁸a¹³¹¹⁶¹iii
1172 3462 1236 3568 {tt

130 3589 160 3636 et
184 3533 294 3638 deinddz
303 3584 468 3638 ordinaverit
492 3585 522 3639 8.
546 3535 991 3658 glacbynlipidcoodiacoelddieseiiaie
1007 3533 1236 3640 §.qddnaeirani

127 3655 244 3722 fretum,
268 3653 296 3706 in
319 3655 376 3707 loco
402 3654 449 3724 qui
472 3671 489 3707 a
514 3654 612 3710 Galata
655 3657 750 3710 uodam
773 3607 812 3711 iii
836 3657 973 3711 habitante
994 3656 1091 3710 Galata
1112 3663 1235 3709 vocatur.

131 3721 162 3776 8.
187 3723 307 3776 Andreas
330 3729 418 3776 autem
438 3728 502 3776 anta
520 3724 722 3780 constantinum
737 3743 858 3796 magnum
874 3727 1030 3796 Byzantium
1047 3725 1134 3793 venit,
1161 3730 1190 3776 et
1205 3723 1234 3774 iu

128 3790 187 3844 loco
202 3793 247 3862 qui
259 3792 358 3846 dicitur
370 3791 501 3845 Harmatii
511 3795 708 3850 tabernaculum
720 3797 832 3862 struxit,
851 3801 930 3865 atque
942 3797 980 3849 ibi
991 3795 1090 3848 docuit.
1124 3791 1235 3860 scalpsit

129 3859 208 3914 etiam
232 3861 342 3932 propria
364 3877 441 3916 manu
466 3862 569 3931 signum
592 3865 678 3919 crucio
695 3883 729 3919 ex
745 3865 845 3934 lapide,
871 3864 1064 3936 collocavitque
1079 3864 1106 3916 in
1125 3859 1236 3942 ecclesia

128 3931 240 4000 antiqua
265 3932 295 3984 S.
321 3931 425 3984 Irenae.
460 3938 556 4001 postea
571 3935 698 4004 migravit
713 3935 741 3988 in
758 3935 900 4003 Neorium,
925 3941 954 3988 et
969 3933 1007 3988 ibi
1023 3949 1127 4003 quoque
1145 3930 1235 3982 docmt

130 3999 160 4051 in
183 3999 287 4070 porticu
309 4015 378 4069 quae
400 4007 511 4054 cornuta
528 4004 561 4056 ob
577 4003 645 4058 hanc
663 4021 768 4059 canaam
785 4009 904 4059 vocatur.
939 4005 1029 4058 stabat
1043 4003 1083 4056 ibi
1099 4000 1234 4052 columnae

129 4067 251 4138 inposita
269 4075 357 4122 statua
374 4073 501 4139 quattuor
517 4089 615 4128 cornua
626 4074 654 4126 ia
666 4073 754 4144 capite
766 4091 869 4144 garena.
905 4073 1026 4144 quiaquia
1041 4069 1124 4139 igitur
1139 4083 1231 4137 surpe-

130 4144 198 4190 ctam
221 4139 337 4192 babebat
358 4139 508 4211 pudicitiam
524 4143 630 4211 uxoria,
656 4143 690 4196 ad
706 4143 774 4198 banc
791 4150 904 4197 statuam
920 4142 1079 4203 accedebat,
1102 4143 1131 4188 et
1148 4135 1172 4189 εἰ
1188 4153 1231 4190 res

128 4207 169 4259 ita
194 4223 223 4260 se
245 4207 354 4260 baberet
379 4215 409 4262 ut
431 4210 629 4282 auspicabatur,
656 4214 745 4268 teria
762 4229 854 4286 gyrum
872 4211 1040 4266 revertebat
1058 4211 1162 4270 statua3
1189 4205 1232 4259 sin

126 4274 227 4346 minum
244 4278 333 4335 atabat
346 4276 491 4347 inmobilis.
