2814 4608
139 239 216 314 280
446 235 625 306 liiiilillSlI
648 233 705 302 ΕΤ
730 233 934 304 111111111οΠ

138 422 196 490 scd
224 441 265 484 an
288 428 383 496 rede,
410 419 540 500 ipsemet
559 414 659 478 adhuc
680 413 797 477 dubito.
837 437 911 478 nam
930 413 1097 502 σιαρᾶκιον
1117 437 1177 499 pro
1198 437 1256 478 οο-

138 512 245 572 lumna
274 525 430 588 nunquam
455 505 530 564 alias
560 505 633 585 legi.
674 513 808 564 attamen
832 523 874 564 ex
893 523 983 584 supra
1005 505 1106 564 citatis
1127 502 1255 566 duchm

137 594 249 658 ilcdini
282 593 356 656 locis
389 589 583 671 probabiliter
614 586 839 671 quodammodo
868 587 989 650 videtur
1019 589 1126 668 colligi
1155 610 1253 670 posse

140 683 295 744 columnas
321 677 468 758 appellari
495 670 656 756 oropdaso,
687 695 706 734 a
731 673 929 735 similitudine
955 677 1033 755 ligni
1060 676 1187 755 oblongi
1216 685 1251 736 et

139 763 262 830 rotundi
286 761 408 840 hastae,
438 759 521 847 quod
540 761 649 822 Graeci
669 752 802 846 στύρακα
821 771 853 822 et
872 755 1034 846 σσνρᾶιιον
1053 773 1248 844 nuncupant.

138 855 243 916 hm.

222 955 255 1016 p·
277 935 340 1000 130
358 953 388 998 r.
408 934 442 999 3.
483 929 592 1010 sedric
612 929 805 1018 προείρηται]
835 951 947 1015 nempe
973 953 1004 1014 p.
1025 928 1069 998 64
1089 933 1183 1000 v.15
1212 941 1247 995 et

139 1045 170 1106 p.
192 1023 233 1086 16
253 1041 282 1082 r.
305 1022 356 1086 16.
396 1021 498 1082 Lens.

222 1126 254 1188 p.
277 1107 339 1170 130
358 1123 386 1170 v.
409 1103 440 1170 6.
482 1097 647 1186 ripamaris]
668 1103 784 1182 templa
803 1099 932 1186 δρομικοὶ
951 1105 1073 1166 Graecis
1094 1104 1244 1183 dicuntur,

139 1211 217 1277 qaae
237 1193 332 1252 instar
352 1191 432 1254 Circi
453 1190 583 1270 oblonga
603 1199 684 1256 sunt.
726 1190 825 1249 mus.

222 1297 253 1358 p.
276 1277 338 1342 181
359 1295 388 1336 r.
410 1276 430 1340 ⁵
452 1295 499 1358 sq.
543 1275 587 1350 εἰς
616 1271 650 1339 dl
677 1269 732 1338 cdv
759 1272 896 1356 πέμπτον
925 1267 1037 1358 χρόνον
1064 1279 1121 1356 τῆς
1148 1268 1244 1338 αὐτοῦ

141 1363 308 1450 βασιλείας]
339 1363 526 1444 inquiramus
556 1359 618 1422 hic.
660 1357 796 1420 Codinus
825 1370 929 1420 noster
958 1361 1100 1442 quintum
1129 1379 1245 1420 anuum

140 1450 260 1530 imperii
288 1449 389 1528 pouit,
422 1447 593 1508 Matthaeus
620 1447 789 1505 Palmerius
816 1446 849 1504 iu
876 1443 1025 1506 Chronico
1047 1447 1120 1508 dicit
1140 1465 1246 1508 orsum

142 1553 208 1596 erse
237 1531 478 1592 aedificationem
505 1553 584 1594 anuo
610 1531 670 1608 31,
701 1533 834 1591 Zonaras
858 1530 1024 1592 indictione
1051 1533 1108 1603 15.
1138 1531 1173 1591 id
1198 1541 1247 1592 est

141 1639 221 1680 anuo
247 1620 367 1698 imperii
395 1619 460 1678 eins
487 1621 536 1685 17.
578 1615 650 1678 ride
674 1615 833 1677 dissidium
853 1615 887 1676 in
906 1615 1048 1698 historia,
1073 1617 1154 1702 quod
1175 1619 1246 1700 quis

141 1703 324 1785 compuncti
366 1705 491 1770 Μιοιισ.

223 1809 253 1870 p.
277 1789 338 1852 181
359 1808 390 1852 t.
412 1790 444 1852 6.
485 1784 544 1871 τὴν
569 1783 709 1872 σφαγήν]
737 1783 809 1849 ride
837 1785 1011 1848 cedrenum
1038 1799 1071 1850 et
1094 1791 1241 1850 Zonaram

140 1875 251 1940 Annal.
270 1873 303 1937 3.
346 1875 471 1935 Μιοσι.

225 1979 259 2040 p·
282 1957 345 2023 181
365 1977 397 2020 v.
417 1959 449 2022 7.
490 1959 551 2020 sois
568 1949 607 2022 λε’
625 1949 787 2038 χιλιάδων]
809 1957 958 2018 consentit
978 1957 1141 2022 Gedrenus.
1179 1961 1244 2021 Ζο-

139 2063 230 2106 naras
257 2041 351 2106 tradit
378 2041 576 2125 quadraginta
602 2044 703 2119 milia,
731 2044 893 2124 Procopius
922 2042 961 2104 de
987 2045 1062 2106 bell.
1089 2043 1185 2110 Vand.
1213 2055 1246 2106 et

141 2125 332 2211 magnust
365 2129 407 2193 18
438 2140 558 2190 tantum
576 2129 710 2209 triginta.
752 2131 876 2190 tirus.

225 2235 257 2294 p.
278 2213 341 2277 181
364 2233 393 2277 v.
413 2216 444 2278 9.
485 2209 628 2278 ’Ἰαόνιον
646 2210 699 2278 τὸν
718 2212 894 2298 recepisses]
928 2223 993 2276 crat
1020 2213 1072 2279 hic
1099 2227 1247 2298 cognatus

140 2299 293 2364 mastali
311 2299 516 2378 imperatoris,
546 2308 624 2358 taeta
644 2299 772 2363 Zonara.
815 2303 939 2364 hircus.

225 2403 257 2463 p·
278 2382 340 2446 132
360 2401 389 2443 r.
409 2383 440 2446 8.
483 2375 695 2464 Αὕρηλιανοῦ]
716 2385 814 2447 scribo
838 2381 1064 2468 Οὕαληριννοιῖε
1088 2405 1160 2444 nam
1180 2388 1247 2446 Va-

141 2467 274 2528 lerianus
303 2475 350 2526 est
377 2467 431 2547 qui
459 2470 611 2546 captivum
636 2485 670 2527 ss
697 2467 805 2547 Sapori
830 2473 991 2532 Persarum
1015 2472 1078 2550 regi
1105 2468 1242 2547 tradidit,

140 2571 204 2613 nou
235 2551 431 2626 Aurelianus,
463 2553 517 2634 qui
547 2554 626 2611 iuter
657 2551 778 2632 cpolim
809 2566 840 2615 et
870 2559 1043 2615 Heracleam
1070 2557 1104 2612 in
1128 2557 1242 2614 itinere

139 2635 248 2698 fraude
282 2638 362 2696 cerri
396 2638 618 2698 circumventus
649 2639 686 2697 ab
719 2640 823 2700 amicis
847 2641 1012 2702 trucidatus
1039 2650 1094 2700 est.
1133 2651 1246 2700 uotum

140 2720 200 2784 hoc
220 2719 362 2784 historiae
382 2717 537 2783 Romanae
556 2725 607 2784 rel
626 2726 753 2806 paulum
773 2725 865 2786 modo
886 2729 1000 2808 peritis.
1042 2729 1166 2790 Maras.

224 2829 256 2888 p.
276 2808 338 2874 188
359 2829 387 2870 v.
405 2809 455 2872 10.
496 2803 531 2873 sd
550 2806 584 2872 dl
604 2802 827 2894 ὀνομαζόμενον
847 2807 935 2895 ἅγιον
955 2811 1071 2897 φρέαρ]
1092 2809 1247 2872 cedrenus

141 2896 277 2975 appellat
304 2890 338 2958 ed
359 2892 456 2977 φρὲαρ
476 2899 533 2958 τοῦ
553 2898 729 2978 μαρτυρίου.
775 2899 987 2959 Constantinus
1009 2898 1047 2958 de
1067 2895 1247 2958 Administr.

141 2981 231 3043 Rom.
260 2981 338 3060 Imp.
371 2977 554 3060 εἰσέρχονται
581 2979 615 3044 ἐν
640 2985 684 3066 τῷ
710 2976 794 3067 defice
821 2987 863 3069 spi
889 2982 1067 3068 κρεμαμένφ
1092 2977 1127 3045 τὰ
1147 2982 1191 3057 εἰς
1210 2977 1246 3046 ια’

142 3059 231 3145 ἅγιον
252 3063 360 3146 φρέαρ.
401 3067 520 3126 Νίσαια
538 3062 696 3146 Paphlago
715 3069 749 3126 iu
768 3070 832 3128 rita
851 3071 961 3149 ignatii
980 3065 1168 3150 patriarchae
1189 3068 1245 3148 ep.
1379 3119 1380 3140 ,

142 3143 195 3210 tirel
214 3152 271 3212 roci
290 3145 380 3228 dyico
400 3149 529 3230 φρέατος
548 3144 698 3233 ἀνάγεται.
740 3155 863 3216 Mauras.
1379 3191 1380 3218 t

226 3251 256 3310 p.
280 3234 342 3300 188
364 3254 394 3297 v,
416 3237 468 3302 23.
511 3231 546 3300 td
574 3231 776 3320 πραιτώριον]
810 3235 893 3321 quod
921 3237 1056 3300 lustinus
1083 3239 1243 3320 imperator
1379 3239 1380 3244 ’

143 3319 303 3396 repararit.
346 3331 447 3380 exstat
471 3318 529 3381 hac
554 3319 593 3381 de
613 3341 646 3381 re
667 3325 854 3406 epigramma
872 3326 973 3386 Paulli
992 3327 1159 3388 Silentiarii
1177 3325 1243 3385 Aa·

142 3399 462 3482 tholog.1.4a23.
502 3409 626 3468 Mauras.

227 3509 259 3570 p.
284 3489 344 3552 185
365 3509 395 3555 v.
416 3493 446 3554 6.
489 3485 506 3556 ἆ
534 3489 568 3555 dd
594 3487 734 3575 doctioris
759 3491 885 3569 οἰκείαις
909 3495 1009 3578 popul]
1037 3497 1159 3576 augusti
1185 3495 1245 3554 ali·
1379 3511 1380 3564 3

143 3571 229 3633 cuius
250 3575 348 3652 operis
368 3576 516 3656 principia
535 3579 595 3657 ipsi
614 3580 810 3658 imperatores
832 3591 884 3640 aut
901 3583 956 3642 viri
973 3585 1144 3663 caeteroqui
1161 3583 1246 3662 prin-
1379 3599 1380 3652 1

144 3659 227 3738 cipes
258 3656 377 3721 dabant.
419 3660 504 3723 tides
533 3661 585 3722 hic
613 3664 647 3721 in
677 3661 882 3725 aedificatione
909 3670 1018 3748 templi
1043 3666 1177 3748 Sophiae
1206 3665 1245 3725 de
1379 3655 1380 3742 1

142 3743 319 3812 Iustiniana.
363 3757 394 3806 et
418 3759 520 3808 narrat
547 3747 585 3808 de
610 3751 729 3810 Nerone
751 3750 912 3812 Suetonius
934 3773 959 3813 c.
980 3753 1035 3816 19:
1065 3755 1101 3811 in
1120 3751 1249 3811 Aclrcr're
1379 3749 1380 3768 ¹

142 3829 294 3889 Isthmum
314 3832 473 3912 persedere
498 3854 658 3915 aggressus
673 3837 881 3914 praetorianos
895 3858 955 3918 pro
975 3839 1114 3898 ocncrhnc
1134 3837 1179 3896 ad
1195 3839 1245 3895 in-

143 3911 314 3974 choandum
335 3937 411 3995 opus
430 3918 599 3980 cohortatam
619 3929 677 3990 est,
707 3919 837 4000 mboque
856 3925 944 4002 signo
963 3923 1035 3990 dato
1050 3925 1172 4002 primus
1192 3941 1245 3980 να-
1379 3931 1380 4006 f

141 3996 227 4136 ρρρίἱο
261 3999 388 4062 humum
423 4001 530 4084 ffrdit
559 4015 588 4063 ct
614 4003 740 4064 corbulo
769 4019 941 4088 congestam
967 4008 1100 4069 humrt's
1126 4007 1241 4068 οαιαλίι.

194 4097 265 4142 aas.

225 4167 390 4240 p.136v.
411 4169 445 4232 8.
486 4162 535 4229 cdv
556 4163 644 4250 ἅγιον
663 4165 823 4253 Ἰωάννην]
852 4177 968 4256 templa
990 4176 1111 4236 lcauuis
1135 4175 1245 4255 Bapti-

144 4246 208 4298 stae
229 4246 316 4324 cpoli
336 4247 414 4327 duo,
434 4247 545 4312 hocin
564 4253 719 4336 Strcbelc,
742 4257 820 4320 illud
839 4259 872 4320 in
890 4257 1132 4338 Macedonianis3
1163 4279 1245 4343 quc-
1379 4311 1380 4318 .
