2814 4608
165 269 235 340 252
471 265 647 336 MEURSII
673 267 729 332 ET
757 263 957 331 LAMBECII

329 449 370 525 τίς
391 443 505 514 εἶπε
475 473 508 512 το
528 447 601 526 πρίν
621 441 750 519 Ἀττικος
772 441 869 526 σοφδς
893 441 1019 546 Κροίνος.

328 539 420 616 ίφασε
442 536 492 596 καί
514 531 621 616 χοίρ
594 537 634 595 τῶ
654 539 816 636 κρατοῦντι
834 537 877 618 τῷ
895 527 961 592 τότε

328 626 389 702 φεῦ
410 626 588 726 συμφορᾶς,
609 595 774 723 ίίνθρωπος
795 603 894 697 ἥττων
915 612 959 678 νίν
980 613 1063 680 ίίνου.

326 708 407 770 ίσται
427 699 532 814 χρόνος
553 701 610 787 γὰρ
632 712 695 778 τοῖς
716 698 902 786 μεθύστερον
923 697 1037 784 χρόνοις

327 789 400 857 όταν
420 787 542 864 ὀνεόδεις
564 793 716 871 δυσγενεῖς
737 789 787 852 καί
809 792 930 850 καυλίαι

326 878 376 942 καλ
398 883 459 951 πᾶς
479 873 613 958 όίμουσος
635 875 762 980 εἰσρυεὶς
782 877 951 954 κτηνωδίαν

327 965 469 1045 κρείττων
490 966 627 1068 νομισθῇ
646 967 707 1023 τῶν
729 965 836 1038 σοφοῖν
856 960 1214 1038 catecumenorum.

246 1077 275 1136 p.
298 990 386 1117 ὅὸρν.
411 1047 459 1112 14
503 1052 564 1109 coin
584 1023 771 1126 Ὀλυμπίων]
794 1047 935 1126 Olympia
958 1043 1005 1102 hio
1026 1067 1081 1124 pro
1101 1046 1184 1105 ludis
1203 1047 1270 1106 Cir-

161 1144 299 1202 censibus
320 1140 518 1215 aocipiuntur.
564 1135 660 1191 Lana.

245 1247 276 1306 p
301 1227 389 1287 56v.
413 1223 462 1283 15.
506 1245 541 1306 τη
533 1219 698 1322 βασιλίδι
719 1241 781 1278 των
802 1211 937 1320 πόλεων]
969 1238 1023 1296 per
1051 1239 1082 1275 re
1085 1220 1190 1296 ginam
1217 1241 1268 1276 nr-

162 1317 247 1370 bium
267 1310 410 1385 intelligit
430 1307 560 1384 Cpolim.
602 1327 636 1366 το
660 1310 805 1382 στοιχεῖον
827 1307 881 1380 τῆς
901 1303 991 1404 τύχης
1012 1315 1086 1380 puto
1106 1303 1218 1362 hio'o
1173 1307 1267 1382 signi-

162 1403 249 1458 ficare
270 1395 467 1455 simulacrum
488 1393 639 1450 bbrtunae
660 1389 756 1460 urbis,
778 1392 861 1448 cuius
883 1391 996 1467 passim
1015 1389 1097 1468 epod
1116 1389 1268 1450 Codinum

163 1485 276 1543 mentio
297 1483 339 1539 fit.
381 1482 480 1538 Lina.

246 1589 277 1648 p.
298 1569 388 1630 57v
407 1569 439 1627 7.
483 1563 535 1626 ἵνα
554 1560 627 1642 τίη
647 1554 750 1638 πόλις]
780 1570 863 1618 tanta
893 1561 1122 1640 Cpolitanorum
1151 1563 1268 1619 animos

163 1662 357 1734 occupaverat
383 1651 551 1730 ignorantia
583 1659 612 1706 et
638 1647 826 1726 superstitio,
857 1656 893 1704 ut
914 1665 1110 1726 quascunque
1131 1650 1268 1728 antiquas

163 1752 275 1800 statuas
296 1757 350 1818 pro
371 1739 488 1814 magice
510 1736 688 1794 consecratis
709 1731 870 1804 haberent,
894 1751 1058 1812 earumque
1077 1736 1182 1790 virtute
1201 1754 1268 1789 cre·

162 1827 267 1884 derent
294 1825 401 1882 urbem
430 1841 516 1880 suam
545 1821 712 1878 conservari
740 1820 935 1876 incolumem.
979 1817 1092 1875 buco
1063 1821 1151 1896 igitur
1170 1821 1265 1896 perti-

163 1923 236 1972 nent
263 1912 317 1968 illa
343 1908 491 1968 verba:“
477 1931 528 1970 ινα
547 1908 575 1968 τί
596 1904 617 1984 ἡ
638 1899 727 1978 πόλις
748 1900 799 1968 did
820 1898 935 1964 τούτων
955 1905 1040 1964 δοκεῖ
1062 1906 1260 1966 συνίστασθαι.

163 2009 315 2058 caeterum
343 2015 420 2076 quae
449 1991 499 2052 hic
527 1990 608 2071 apud
636 1989 787 2050 Codicum
808 2000 950 2046 vocantur
971 1995 1116 2068 στοιχεῖα,
1148 1993 1264 2047 Nicetes

163 2083 327 2144 Choniates
358 2081 490 2160 appellat
518 2071 692 2157 στοιχειοίδη
721 2079 775 2154 τῆς
799 2069 915 2148 πόλεως
937 2069 1143 2156 φυλακτήρια,
1169 2075 1201 2132 id
1221 2086 1268 2134 est

163 2178 334 2227 consecrata
363 2165 446 2224 urbia
472 2167 658 2222 munimenta
688 2183 739 2220 seu
769 2171 887 2218 statuas
915 2159 998 2218 urbis
1027 2163 1266 2220 conservatrices.

163 2253 245 2310 idem
272 2253 361 2309 refert
387 2253 527 2322 Latinos,
556 2259 717 2326 postquam
738 2247 859 2326 Cpolim
880 2257 1144 2325 expugnaverunt,
1173 2250 1270 2326 inpri-

164 2343 221 2396 mis
250 2339 390 2397 evertisse
419 2335 550 2391 celebres
577 2337 650 2390 istos
680 2343 793 2390 statuas
824 2344 1026 2406 consecratas,
1059 2352 1135 2412 qnae
1163 2344 1271 2390 contra

165 2425 265 2482 hostes
286 2423 335 2480 vel
355 2431 457 2498 aperta
477 2421 508 2476 vi
528 2419 577 2476 vel
597 2416 715 2476 insidiis
735 2418 842 2475 urbem
857 2429 1061 2499 oppugnantes
1075 2421 1171 2476 instar
1184 2422 1269 2476 muri

164 2531 198 2568 oc
221 2511 292 2565 valli
313 2517 427 2564 erectae
452 2515 546 2562 erant.
587 2506 686 2562 Lanu.

247 2611 277 2670 p.
299 2593 340 2654 57
362 2610 389 2650 v.
412 2591 443 2652 9.
485 2584 759 2670 Ἀσκληπιόδωρος]
797 2597 925 2668 utraque
957 2599 1018 2647 tam
1047 2589 1147 2694 Regii
1169 2606 1267 2668 quam

163 2678 298 2739 Vaticani
324 2675 440 2736 codicis
464 2676 553 2734 lectio
580 2677 687 2736 vitiosa
716 2686 771 2736 est.
814 2673 1007 2733 scribendum
1034 2676 1115 2732 enim
1139 2666 1270 2754 ’-Ασκλη

162 2759 314 2837 πιόδοτος.
357 2761 407 2822 hic
435 2773 481 2820 est
506 2760 734 2842 Asclepiodotus
756 2757 955 2841 philosophus
979 2772 1008 2819 et
1028 2759 1181 2835 medicus,
1216 2765 1271 2842 qui

163 2853 263 2911 Procli
293 2850 457 2930 discipulus
485 2849 544 2905 fuit
573 2859 602 2906 et
632 2849 817 2928 temporibus
844 2850 995 2906 Anastasii
1016 2849 1144 2906 Dicori
1136 2867 1270 2926 impera-

163 2940 236 2997 toris
258 2939 372 2995 claruit.
415 2936 532 3012 prolixe
556 2932 593 2990 de
614 2955 649 2993 eo
672 2937 769 3013 agitur
790 2932 871 3011 apud
892 2931 1037 2992 Photium
1055 2936 1089 2990 in
1108 2935 1269 3012 Excerptis

163 3045 204 3082 ex
225 3025 382 3079 Damascio
406 3021 443 3078 de
465 3022 527 3079 vita
546 3019 671 3094 Isidori,
694 3031 723 3077 et
738 3019 819 3098 apud
834 3017 961 3077 Suidam
976 3040 1004 3077 v.
1018 3013 1270 3097 Ἀσκληπιόδοτος

163 3119 193 3166 et
214 3107 440 3184 δεισιδαιμονία.
485 3116 636 3163 caeterum
658 3124 750 3207 quam
767 3107 857 3163 fuerit
873 3106 980 3163 Proclo
997 3126 1083 3164 carus
1099 3115 1128 3164 et
1143 3109 1267 3180 amicus,

162 3203 287 3251 testatur
314 3194 379 3270 ipse
405 3193 559 3250 Proolus
550 3211 583 3246 m
605 3193 758 3292 prpoemio
781 3193 989 3248 commentarii
1011 3190 1150 3249 inediti'
1142 3213 1175 3248 m
1195 3193 1266 3248 Pla-

161 3279 241 3335 tonis
262 3275 490 3346 parmenidem,
514 3296 603 3356 quem
626 3279 654 3334 ei
676 3276 794 3335 dedicat
814 3273 863 3336 his
884 3277 1002 3344 verbis:
1029 3273 1066 3338 στί
1089 3275 1138 3352 δέ,
1159 3279 1266 3356 inquit,

163 3387 187 3424 ω
218 3365 400 3463 φιλοσοφίας
430 3355 553 3436 ἐπαξιον
582 3361 657 3440 ἔχων
684 3361 737 3425 τόν
763 3385 841 3422 νουν
862 3361 914 3422 καί
936 3361 1002 3442 ἐμοὶ
1025 3363 1126 3439 φίλων
1148 3363 1268 3439 φίλτατε

159 3442 404 3552 Ἄσκλχπιόδοτε,
427 3446 534 3550 δέχου.
536 3468 573 3507 τα
594 3450 677 3528 δείρα
698 3452 753 3510 τοῦ
776 3441 886 3528 ανδρος
906 3446 990 3509 τέλεα
1012 3447 1117 3520 τελέως
1139 3447 1173 3509 ἒν
1193 3472 1268 3530 γνη-

163 3527 317 3606 σιωτιίτοις
344 3530 469 3606 κόλποις
496 3537 551 3612 τῆς
578 3539 687 3612 ψυχῆς
733 3543 831 3592 exstat
857 3531 1039 3612 hodieque'
1030 3555 1063 3590 m
1085 3533 1269 3592 bibliotheca

161 3618 297 3678 Medicea
325 3618 460 3677 eiusdem
484 3618 688 3697 Asclepiodoti
708 3621 786 3678 liber
807 3618 845 3676 de
867 3639 898 3675 re
919 3621 1061 3692 militari,
1092 3622 1141 3676 cui
1162 3621 1268 3677 titulus

163 3717 207 3764 est
235 3698 489 3783 Ἀσκληπιοδότον
520 3699 692 3782 φιλοσόφου
721 3705 808 3808 τέχνη
838 3702 972 3785 τακτική.
1018 3703 1132 3763 divisus
1163 3715 1208 3763 est
1235 3707 1268 3762 in

163 3795 203 3854 12
225 3793 339 3870 capita,
370 3801 399 3848 et
419 3791 525 3868 incipit
546 3788 604 3848 hoo
625 3790 731 3850 modo:
765 3795 820 3870 τῆς
841 3793 954 3864 τελείας
967 3794 1171 3900 παρασκευῆς
1191 3786 1269 3870 πρός

162 3871 303 3980 πόλεμον
314 3876 414 3954 διττῆς
435 3871 544 3955 οὔσης,
568 3879 708 3955 χερσαίας
727 3899 759 3939 τε
779 3875 831 3938 καὶ
852 3881 1011 3984 ναυτικῆς,
1033 3875 1111 3983 περὶ
1124 3881 1179 3955 τῆς
1200 3898 1268 3956 χερ-

163 3964 250 4033 σαίας
271 3985 307 4022 τα
328 3961 387 4022 νῦν
407 3958 536 4021 λεκτέον.
578 3962 648 4020 finis
669 3973 770 4020 autem
791 3960 841 4019 hic
863 3973 924 4020 est:
949 3956 1039 4024 αὗται
1061 3958 1111 4022 διαί
1132 3961 1269 4042 βραχίων

163 4045 197 4102 ui
216 4051 272 4106 τοῦ
291 4066 429 4106 τακτικου
453 4041 653 4123 καθηγήσεις,
673 4053 737 4120 τοῖς
757 4045 812 4125 μὲν
827 4047 993 4125 χρωμένοις
1010 4048 1161 4128 σωτηρίαν
1177 4049 1269 4129 πορί·

164 4128 282 4204 ζουσαι,
303 4135 366 4201 τοῖς
387 4125 420 4189 δὲ
441 4127 589 4200 ἐναντίοις
609 4127 773 4204 κινδύνους
794 4129 970 4210 ἐπάγουσαν.
1012 4135 1110 4190 LAMB-

246 4233 276 4287 Ρ.
298 4216 339 4278 57
360 4234 387 4272 v.
411 4215 461 4275 16.
506 4211 664 4296 Θησαυρδς
683 4214 773 4295 θεδς]
805 4215 998 4274 Thesaurum
1019 4217 1111 4275 deum
1132 4216 1268 4276 eundern

164 4308 227 4346 esse
241 4306 315 4368 puto
331 4307 419 4374 atque
434 4297 631 4371 Mercurium,
653 4320 762 4378 nempe
778 4301 949 4361 divitiarum
965 4301 1141 4382 praesidem.
1167 4305 1268 4360 Lana.
