2802 4636
185 279 236 350 42
524 277 742 346 GEORGIUS
769 217 957 344 couluus

184 463 294 549 νομικά
320 468 382 530 τιύν
407 459 595 547 μελλόντων,
631 461 773 548 δηλώσας
797 463 854 543 τὰς
878 464 1015 551 ἱστορίας
1039 461 1143 544 πάσας
1168 466 1227 534 σύν
1252 477 1296 555 τῷ

184 569 328 653 ὀνόματι,
354 569 588 637 Κωνσταντίνου
612 574 668 634 τού
690 566 825 654 μεγάλου
841 568 1061 654 τνπωσυμίνου
1078 575 1188 636 ταῦτα.
1240 580 1296 640 τοῦ

184 677 219 745 σε’
244 673 340 740 αὐτού
361 673 393 735 Γ
391 677 504 755 αληνού
527 675 574 740 ἐπὶ
598 677 739 740 πλεῖστον
762 669 969 755 ουχνάσαντος
992 675 1043 740 καί
1066 683 1130 750 τοῖς
1154 673 1294 759 ἀναγνού-

183 803 280 861 σμασι
304 774 528 863 προσσχόντας,
553 775 593 842 τά
613 779 765 859 μέλλοντα
788 779 965 860 συμβαίνειν
982 774 1103 860 Ζήνωνι
1119 777 1205 864 παρά
1225 781 1294 862 Βη-

91 893 166 948 1²24
183 885 267 968 ρίνης
299 877 436 958 ἐἲπάντος
463 883 515 946 καὶ
545 877 748 966 γελάσαντος,
791 878 1025 964 Καλλίστρατός
1052 907 1099 958 τις
1128 881 1315 968 ουρφετύς,5

182 984 399 1070 κάπηλοςτὴν
422 984 545 1068 τίχνην,
569 985 648 1068 μετὰ
665 985 721 1070 τὴν
739 983 886 1052 ἐπάνοδον
902 982 1048 1068 Ζήνωνος
1064 984 1225 1068 διαβάλλει
1241 987 1294 1052 τὸν

181 1093 213 1154 Γ
210 1086 333 1173 αληνάν.
384 1086 401 1152 ὃ
419 1090 454 1156 ἀί
469 1086 580 1172 Ζήνων
595 1097 704 1156 τοῦτον
721 1086 875 1176 ἀνῃρήκει.
924 1089 1044 1174 λάγουσι
1065 1090 1118 1168 δέ,
1144 1092 1195 1156 καὶ
1213 1089 1294 1154 ἔστιν

181 1194 317 1278 ἀληθίς,
344 1189 393 1260 ὅτι
422 1192 455 1258 αἱ
485 1192 592 1279 ἀγίλαι
617 1199 678 1260 τῶν
701 1197 816 1282 χοίρων
840 1195 934 1260 ἒκεῖσε
959 1188 1149 1280 διερχόμενοι
1173 1196 1215 1270 τίς
1239 1194 1293 1260 τὸν

177 1295 409 1388 Ἀρτοτυριανύν
433 1293 544 1376 τύπον,
567 1296 661 1381 μίσον
684 1303 740 1382 τῆς
762 1294 921 1383 καμάρας,
947 1293 1022 1364 ὅθεν
1040 1295 1214 1383 ἀνέρχεται,
1241 1301 1291 1364 κοιλ

181 1403 211 1470 οἳ
228 1399 356 1478 τούτους
374 1397 549 1478 λλαύνοντες
564 1399 713 1472 τύπτουσι
729 1400 785 1485 τὴν
801 1402 911 1488 ἀγέλην
926 1406 988 1466 τῶν
1002 1401 1117 1485 χοίρων
1134 1403 1290 1488 σφοδρῶς,
1298 1418 1329 1470 10

179 1508 270 1592 μέχρι
287 1503 360 1572 ὅτου
378 1500 456 1587 αἷμα
470 1506 569 1587 χυθὲν
588 1507 621 1576 ἐκ
637 1511 698 1572 τιύν
712 1504 808 1593 ῥινῶν·
821 1506 922 1574 αὐτῶν
939 1507 982 1581 εἷς
998 1506 1113 1572 θυσίαν
1128 1510 1184 1570 τοῦ
1196 1503 1291 1570 τύπου

180 1612 312 1688 ἐκείνου,
338 1607 375 1672 ού
400 1611 602 1692 μεθίστανται
628 1611 662 1676 ἔκ
689 1617 751 1676 τῶν
775 1613 879 1676 ἐκεῖσε.
929 1604 1019 1691 ἡνίκα
1045 1609 1079 1673 δὲ
1100 1614 1189 1695 χυθῇ
1214 1605 1292 1690 αἷμα

180 1713 299 1799 ὀλίγον,
331 1710 458 1801 ἀθρόως
483 1709 566 1805 ὁρμᾷ
591 1709 612 1798 ἦ
639 1719 701 1785 τῶν
720 1715 837 1806 χοίρων
861 1712 966 1798 ἀγέλη.
1017 1713 1069 1778 καὶ
1093 1718 1185 1778 τούτο
1212 1714 1292 1780 ἐστὶν

179 1817 308 1903 ἀληθές.

142 1935 165 1989 Β
277 1918 347 1986 Ὅτι
371 1919 403 1984 ἓν
425 1923 471 2006 τῷ
494 1915 610 2010 Τούρρι
633 1915 729 2004 στήλη
746 1925 802 1984 τού
817 1915 952 2004 μεγάλου
971 1917 1141 1986 Θεοδοσίου
1156 1920 1288 1984 ἵσταται.
1297 1929 1329 1982 15

180 2015 219 2106 ἦν
243 2024 277 2090 δὲ
301 2019 408 2109 πρώην
430 2023 560 2110 ἀργυρᾶ.
612 2021 690 2090 ἔνθα
713 2023 785 2101 τούς
802 2022 862 2088 ἀπὸ
879 2029 941 2088 τῶν
958 2024 1058 2088 ε’θνολν
1074 2021 1205 2104 ἣκοντας
1224 2023 1291 2088 ἐθί-

177 2153 249 2210 χετο
275 2127 379 2194 ίκεῖσε.
430 2130 481 2194 καὶ
505 2122 611 2214 πράην
634 2124 782 2196 παλάτιον
805 2124 923 2213 ύπῆρχε
945 2129 996 2192 καὶ
1019 2128 1204 2208 ξενούοχεῖον
1229 2133 1291 2192 τῶν

176 2229 351 2312 Ῥωμαίων,
377 2225 518 2313 δηλονότι
544 2231 586 2304 εἰς
611 2230 647 2296 τὸ
672 2229 859 2315 καλούμενον
880 2226 1079 2308 Ἀλωνίτζιον.
1129 2227 1231 2294 ἐπάνω
1257 2231 1291 2296 dd

180 2339 237 2400 τοῦ
259 2330 393 2416 μεγάλου
417 2333 516 2408 κίονος
533 2328 709 2415 ,ἓστήλωτοιι
734 2332 901 2410 Θεοδόσιος
907 2381 917 2414 ,
943 2334 974 2400 ολ
997 2335 1030 2400 ds*
1053 2333 1113 2398 viel
1131 2332 1243 2412 αύτού,
1272 2330 1289 2398 ὅ

180 2438 237 2522 μὲν
255 2433 404 2526 Ὁνάριος
426 2433 528 2502 ἐπάνω
550 2441 604 2520 τῆς
620 2439 743 2522 λιθίνης
758 2434 873 2524 druides
889 2444 945 2523 τῆς
960 2438 1037 2526 πρὸς
1056 2433 1192 2522 δυσμάς,
1218 2433 1235 2502 ὅ
1255 2439 1330 2502 tiro

249 2651 264 2704 l
278 2643 417 2715 δηλούσας
427 2648 496 2702 Bav.
547 2648 588 2719 τῷ
598 2643 734 2720 ὀνόματι]
751 2653 811 2712 τοῖς
823 2645 938 2718 ύνύμοισι
949 2649 983 2705 0.
1035 2644 1288 2708 scandanaviam.

250 2721 267 2774 5
293 2714 423 2780 εἰπόντος
447 2719 498 2771 add
521 2717 554 2772 C.
658 2714 795 2787 συρφετὸς
817 2715 869 2788 μὲν
889 2720 931 2790 api
950 2718 1037 2786 γένει,
1061 2713 1187 2785 κάπηλος
1203 2712 1235 2770 δὲ
1253 2719 1290 2788 τῇ

248 2783 316 2859 ἀξίᾳ
334 2787 388 2842 alii.
470 2788 488 2842 9
504 2783 665 2857 ἀνέρχεται,
682 2789 809 2842 ἵστανται
826 2783 900 2842 ἐνεοί
916 2789 964 2842 καλ
983 2783 1017 2841 ού
1034 2783 1171 2842 δύνανται
1188 2782 1289 2853 προέρ-

233 2862 365 2928 ¹galation,
388 2852 435 2912 ὅτι
455 2853 485 2910 οἴ
498 2855 660 2926 γοιροάίτιιι
677 2854 707 2912 ολ
721 2856 839 2920 τούτους
856 2853 1019 2920 ἐλαύνοντες
1035 2853 1143 2922 τύψωσι
1160 2852 1287 2924 τούτους,

248 2927 297 2982 κοιλ
314 2923 377 2980 τότε
394 2928 592 2996 μεθίστανται·
610 2923 694 2997 ἡνίκα
711 2923 765 2998 γάρ
782 2929 860 2999 χυθῇ
877 2955 912 2968 -
930 2930 964 2984 C.
1050 2927 1085 2980 15
1101 2945 1131 2997 p.
1150 2925 1185 2981 17
1202 2927 1286 2980 Band.

248 2998 283 3053 18
300 2995 459 3068 ἀλωνίπτην
474 2997 542 3053 Bar.

179 3187 250 3256 ginm
273 3185 417 3250 contineri,
444 3191 473 3238 et
490 3191 598 3238 cunetas
616 3183 761 3236 declaravit
778 3181 903 3236 historias
921 3199 979 3236 cum
995 3181 1100 3236 nomine
1117 3183 1289 3238 Constantini
1384 3223 1385 3250 η

180 3253 284 3322 magni,
310 3253 355 3322 qui
378 3253 423 3306 illa
446 3255 541 3306 erexit.
577 3270 635 3306 cum
651 3269 716 3306 vero
737 3253 854 3306 Galenus
872 3253 979 3306 multum
996 3252 1049 3305 iam
1066 3261 1235 3322 enarrasset,
1260 3263 1289 3306 et
1384 3259 1385 3310 l

179 3325 207 3375 in
225 3325 257 3375 iis
275 3323 451 3390 intelligendis
469 3330 614 3392 occupatus
633 3339 701 3391 quae
717 3321 819 3375 Zenoni
836 3340 852 3375 a
869 3321 966 3374 Verina
980 3322 1040 3376 olim
1056 3332 1188 3376 eventura
1199 3333 1290 3378 essent
1384 3317 1385 3376 l

179 3393 207 3446 in
223 3393 302 3444 risum
318 3399 516 3462 prorumperet,
533 3393 703 3446 Callistratus
719 3392 823 3461 quidam
840 3391 915 3444 homo
932 3391 1020 3457 nihili,
1058 3393 1086 3444 ui
1103 3393 1289 3462 cauponariam
1384 3403 1385 3410 ’

179 3463 336 3530 exercebat,
361 3461 495 3516 Zenonem
515 3461 619 3532 cpolim
636 3463 792 3516 redeuntem
809 3477 841 3514 eo
858 3477 943 3530 usque
960 3461 988 3512 in
1006 3409 1135 3516 calenum
1152 3463 1290 3516 calumniis
1384 3453 1385 3504 l

179 3531 321 3600 instigavit
345 3538 376 3584 ut
400 3533 409 3584 i
429 3549 486 3586 sum
508 3531 680 3586 interficeret.
715 3549 794 3602 porro
817 3535 1034 3598 commemorant,
1059 3537 1088 3584 et
1104 3549 1168 3586 sane
1186 3549 1230 3584 res
1248 3533 1290 3585 ita
1384 3545 1385 3590 ι

179 3619 209 3654 se
233 3602 328 3669 habet,
354 3550 438 3672 quod,
465 3619 523 3656 cum
540 3601 681 3671 aliqnando
699 3619 794 3672 greges
811 3617 950 3673 porcorum
966 3601 1037 3654 istac
1052 3602 1289 3654 transducerentur

178 3671 213 3725 ad
234 3671 318 3723 locum
342 3675 519 3744 nuncupatum
534 3671 749 3739 Artotyrieuum,
773 3671 802 3724 in
819 3669 904 3722 media
920 3669 1020 3722 fornice
1037 3669 1107 3724 unde
1125 3669 1287 3740 ascenditur,

178 3741 243 3797 licet
266 3741 368 3794 subulci
390 3757 484 3810 porcos
509 3741 677 3796 vehementer
695 3741 811 3795 fustibus
828 3741 1033 3808 contunderent,
1058 3757 1105 3794 eos
1122 3747 1211 3794 tamen
1227 3739 1286 3792 loco

177 3811 231 3864 isto
251 3809 330 3932 prius
354 3829 458 3866 movere
482 3829 534 3864 non
555 3811 693 3880 potuerint
715 3828 792 3881 quam
815 3809 966 3878 sauguinem
989 3809 1098 3862 neribus
1120 3809 1148 3864 in
1172 3810 1288 3880 speciem

179 3879 249 3933 sacri
271 3880 306 3933 cii
324 3881 525 3950 profunderent.
559 3897 611 3949 quo
628 3881 733 3951 paulum
749 3881 841 3934 saltem
858 3879 1008 3947 profluente
1024 3879 1116 3934 statim
1132 3888 1205 3934 totus
1221 3897 1287 3950 por-

179 3968 267 4004 corum
283 3966 350 4020 grex
367 3967 418 4002 uno
435 3951 533 4020 impetu
549 3967 579 4002 se
596 3951 630 4004 ab
649 3968 681 4003 eo
698 3952 755 4002 loco
773 3965 937 4002 commovere
951 3948 1049 4018 coepit.
1208 3967 1209 3971 ¹

282 4021 314 4073 ln
342 4019 433 4074 Tauro
461 4021 589 4074 collocata
617 4026 660 4072 est
687 4017 832 4073 Theodosii
859 4019 947 4086 magni
974 4026 1082 4084 statua,
1112 4033 1181 4088 quae
1208 4016 1288 4086 prius

180 4096 304 4158 argentea
327 4089 388 4142 fuit.
424 4089 461 4142 ibi
485 4090 545 4144 olim
567 4089 695 4158 palatium
718 4096 777 4142 erat
795 4095 824 4140 et
843 4085 973 4156 hospitale
993 4087 1168 4142 Romanorum
1185 4103 1288 4140 nuncu-

179 4169 270 4224 patum
295 4158 470 4226 Alonitzium,
495 4159 522 4212 in
548 4159 620 4228 qnod
645 4159 678 4212 ab
705 4157 803 4212 exteris
828 4157 981 4210 nationibus
1007 4155 1145 4210 venientes
1168 4155 1288 4226 reeipie-

179 4225 284 4282 bantur.
316 4229 416 4283 ibidem
430 4247 511 4299 supra
528 4245 647 4298 magnam
662 4227 804 4280 columnam
820 4225 917 4280 visitur
930 4231 1020 4278 statua
1031 4225 1177 4280 Theodosii
1190 4225 1287 4296 magni,

180 4293 292 4352 liliorum
317 4307 406 4355 autem
429 4299 514 4372 ipsius
539 4314 622 4372 supra
644 4313 722 4351 arcus
745 4295 879 4368 lapideos,
908 4293 1020 4350 Honorii
1045 4293 1079 4350 ad
1105 4294 1287 4365 Occidentem,
