2808 4616
368 211 537 279 BREVES
562 208 770 275 ENARRAT.
799 207 1050 276 GHRONOGR.
1187 213 1259 284 171

153 406 230 490 βοὸς
252 401 392 488 καθαρὸς
410 398 572 486 ύιιύρχων,
599 394 642 473 ὥς
658 401 697 484 τῇ
713 402 753 484 γῇ
771 394 939 484 διορύττειν
955 397 1072 464 ἒθίλειν
1088 408 1151 476 τοῖς
1167 397 1262 489 δρῶσι

155 505 263 593 θίαμά
287 533 316 573 τι
342 506 491 591 μέγιστον.
544 501 669 567 διέκειτο
696 501 730 564 δὲ
755 507 846 566 τούτο
872 503 929 578 ἕως
955 506 1015 568 τῶν
1039 508 1178 583 πολλῶν,
1211 510 1262 571 καὶ

155 613 244 700 μέχρι
268 608 410 694 Ζήνωνος
436 607 562 694 ἀρκέσαι
586 604 642 688 τήν
667 603 812 692 ἳστορίαν.
863 605 1004 689 Γαληνὸς
1026 606 1063 670 δέ
1084 632 1130 684 τις
1156 609 1261 696 ίατρδς

156 719 207 782 καὶ
231 711 400 802 φιλόσοφος
424 709 590 798 ὑπάρχων,
617 705 660 784 ὥς
677 707 769 785 αύτδς
786 709 920 787 ἐδίδαξεν
926 759 937 789 ,
963 707 1022 774 ἀπὸ
1038 710 1261 801 χρονογρύφων

130 819 353 906 ὅπεραιωθείς,
379 811 554 900 ἐβεβαιώθη
580 812 636 889 τὰς
660 815 693 875 Γ
689 813 847 900 υργονίδας
872 813 928 890 τοὶς
952 815 1180 900 μαρμαρίνους,
1206 816 1260 883 dre
1276 829 1298 883 Ρ
1315 829 1350 885 93

153 924 207 1008 τήν
228 923 302 1006 μίαν
325 924 357 986 εἰι
381 922 504 998 δεξιῶν,
530 917 583 984 ἀτε
601 918 634 983 δὲ
650 915 706 998 τὴν
724 919 757 994 ἐξ
775 913 936 1000 εὐωνύμων
942 965 953 997 ,
980 915 1177 1005 ἱερογλυφικύ
1193 945 1262 986 τινα

153 1030 204 1092 καὶ
229 1023 436 1112 ἀστρονομικδι
455 1024 571 1106 ἕχίδνια
588 1018 802 1103 συλλαβούσας
817 1026 879 1086 τῶν
895 1021 1045 1104 βασιλέων
1061 1019 1190 1111 γράφειν
1206 1023 1263 1102 τὰς

154 1131 305 1217 ἱστορίας,
333 1128 565 1192 Κωνσταντίνου
582 1131 639 1190 τού
654 1121 788 1210 μεγάλου
804 1131 895 1190 τούτο
913 1122 1105 1208 ποιήσαντος.
1155 1135 1211 1192 τού
1228 1128 1262 1192 δὲ

154 1235 250 1300 αὐτοῦ
272 1235 304 1296 Γ
302 1237 416 1314 αληνοῦ
439 1233 487 1294 ἐπὶ
504 1235 643 1294 πλεῖστον
660 1225 865 1312 συχνοίσαντος
882 1233 1011 1306 καὶτοῖς
1029 1227 1262 1316 ἀναγνώσμασιν

109 1347 147 1400 10
154 1334 264 1404 τούτου
282 1335 498 1422 προσέχοντος,
524 1331 564 1396 sol
579 1332 729 1414 μέλλοντα
746 1333 921 1413 συμβαίνειν
934 1331 1055 1416 Ζήνωνι
1067 1333 1152 1420 παρὰ
1165 1338 1263 1424 Βηρί-

153 1468 208 1525 νης
231 1439 362 1524 ἐγέλασε.
414 1437 646 1522 Καλλίστρατος
670 1434 706 1499 δέ
725 1460 788 1512 τις,
813 1434 963 1522 συρφετὸς
978 1436 1034 1518 μὲν
1050 1443 1095 1524 τῷ
1112 1437 1187 1520 γένει
1205 1436 1262 1502 κά-

153 1551 250 1628 πηλος
272 1544 306 1607 δὲ
330 1547 367 1629 τῇ
392 1541 478 1632 ἀξίη,
505 1535 702 1624 ἓμβατεύοντι
717 1545 756 1626 τῇ
773 1538 890 1628 ἱστορίη
906 1544 967 1603 τῶν
985 1541 1017 1602 Γ
1014 1541 1177 1625 ορμονίδων
1194 1543 1226 1604 Γ
1223 1568 1260 1605 α-
1276 1545 1298 1598 Β

153 1653 235 1737 ληνῷ
259 1649 310 1712 καλ
333 1642 469 1730 μάλιστα
493 1649 611 1728 συχνοῖς
632 1643 803 1730 προσέχων,
828 1641 906 1724 μετὰ
923 1642 978 1726 τήν
995 1639 1176 1726 ἀνοίκαμιμιν
1194 1639 1262 1728 Ζή-

153 1777 248 1828 νωνος
263 1749 319 1835 τήν
336 1749 396 1814 dud
417 1750 571 1836 Ἰσαυρίας
586 1746 621 1811 τὸ
640 1743 781 1833 δεύτερον
799 1749 996 1834 φατειασθεὶς
1014 1743 1030 1810 ὃ
1050 1746 1141 1823 αὐτὸς
1157 1749 1189 1810 Γ
1186 1753 1263 1832 αλη-

109 1855 206 1933 15νδς
232 1855 318 1942 παρὰ
343 1860 399 1919 τού
427 1853 520 1918 αὐτοῦ
547 1848 783 1936 Καλλιστράτου
808 1847 971 1925 τοσούτους
997 1849 1186 1935 ἓμπαημούς
1211 1851 1260 1915 ἐπ’

135 2011 137 2016 .
155 1961 293 2024 ἐνιαυτοῦ
318 1959 369 2020 καὶ
391 1957 519 2039 βολίδας
541 1951 714 2037 ὑπέμεινεν,
740 1950 817 2018 ὥστε
842 1953 931 2038 μέχρι
947 1952 1052 2029 τέλους
1067 1952 1102 2017 τὸ
1119 1953 1214 2040 πίρας
1231 1955 1262 2018 ἓν

154 2069 192 2148 τῇ
219 2061 296 2148 αὐτῇ
317 2059 527 2147 Ἀρτοπωλίων
545 2058 704 2146 καλενδίρι,
729 2057 761 2120 ἒν
778 2055 882 2131 αὐτοῖς
898 2064 961 2132 τοῖς
979 2057 1137 2135 ζωδιακοῖς
1152 2082 1262 2144 τετρα-

155 2162 262 2241 πύδοις
287 2165 339 2228 καὶ
361 2171 523 2241 πετεινοῖς,
551 2161 707 2226 Σελεντίου
730 2155 787 2222 ἀπ’
814 2157 961 2246 ἄρχοντος
977 2161 1057 2247 ξίφει
1074 2159 1263 2248 ἀποκεφαλι-

154 2273 290 2351 σθῆναι,
316 2264 485 2354 πράξαντος
501 2271 556 2330 τού
574 2265 736 2351 Πρασίνου
752 2262 865 2348 μίρους
880 2265 932 2327 καὶ
949 2268 1005 2328 τού
1021 2259 1114 2346 ἀχλου
1135 2259 1262 2328 “desolo

110 2367 174 2456 201}
198 2370 331 2458 κρίσις.”
378 2370 564 2456 Ἀριστείδης
588 2363 816 2454 δὲηιλόοοφος
837 2366 983 2451 ἐπέθηκεν
1000 2364 1097 2449 ὄνομα
1113 2373 1157 2458 τῷ
1174 2366 1300 2458 educit}

152 2478 277 2565 τοιῷδε,
313 2471 331 2539 δ
365 2475 416 2537 καὶ
449 2474 590 2560 φαίνεται
617 2470 673 2547 ἕως
699 2476 754 2554 τῆς
781 2466 929 2558 σήμερον,
959 2467 1123 2554 “Γαληνού
1150 2473 1259 2559 θηρία,

153 2579 256 2644 ἀδικία
279 2578 426 2660 νεμομένη
450 2573 613 2660 Ζήνωνι·”
641 2576 692 2638 καὶ
709 2570 852 2652 τυπώσας
867 2576 923 2660 τήν
938 2578 1076 2664 μραφίδα
1093 2575 1211 2665 ἀπέδρα
1228 2576 1259 2640 ἓν

153 2687 314 2769 Χερσεῖινι,
340 2683 391 2744 καὶ
409 2675 513 2762 ἐσύθη
533 2679 589 2758 ἕως
605 2682 659 2759 τῆς
675 2675 818 2764 σήμερον.

224 2872 241 2927 7
258 2869 402 2942 συλλαβῶν
418 2871 474 2926 alii.

154 3042 221 3098 hovi
242 3041 375 3111 insidens,
399 3041 446 3111 qui
468 3043 544 3110 quasi
560 3040 735 3111 spectaculum
752 3039 903 3096 ridentibus
920 3039 1057 3095 maximum
1073 3043 1151 3097 humo
1170 3041 1259 3096 defodi

155 3111 281 3167 voluerit.
315 3111 382 3165 haec
397 3111 485 3164 multis
502 3111 664 3180 temporibus
682 3111 841 3180 constitere,
859 3115 887 3163 et
903 3127 986 3180 usque
1001 3113 1036 3165 ad
1048 3111 1181 3166 Zenonem
1196 3129 1259 3166 ocu-

153 3183 187 3236 lis
210 3179 382 3250 contemplari
395 3181 504 3234 licebat.
541 3180 658 3234 Galenus
673 3199 739 3236 vero
757 3181 886 3252 quispiam
903 3181 1017 3234 medicus
1035 3187 1063 3235 et
1078 3181 1258 3252 philosophus,

152 3258 184 3306 ut
207 3251 266 3322 ipso
288 3249 381 3303 docuit
398 3267 432 3304 ex
448 3250 653 3320 chronographis
669 3257 818 3318 mutuatus,
845 3252 1017 3306 asseverabat
1034 3253 1173 3321 Gorgones
1189 3269 1259 3306 mar-

153 3335 271 3388 moreas,
297 3336 406 3389 quarum
429 3321 482 3374 alia
507 3337 523 3372 a
547 3319 661 3389 dextris,
688 3339 705 3376 a
729 3323 842 3376 sinistris
866 3321 917 3374 alia
944 3325 1017 3389 erat,
1044 3323 1258 3393 hieroglyphicas

154 3391 279 3460 quasdam
304 3395 333 3442 et
357 3389 544 3455 astronomicas
567 3391 701 3460 viperulas
720 3393 903 3459 continentes,
932 3391 1118 3461 imperatorum
1135 3391 1258 3446 historias

153 3459 308 3532 complecti,
331 3476 425 3530 magno
453 3461 629 3514 Constantino
653 3460 708 3514 eius
724 3463 765 3515 rei
783 3466 901 3516 auctore.
934 3475 992 3515 cum
1010 3480 1075 3514 vero
1092 3462 1161 3515 idem
1179 3463 1260 3516 Gale·

153 3547 203 3584 nus
227 3547 258 3583 eo
283 3529 402 3583 crebrius
419 3532 566 3585 ventitaret
582 3537 610 3584 et
625 3528 734 3586 lectioni
749 3531 912 3597 attenderet,
938 3531 972 3584 de
988 3531 1023 3584 iis
1040 3549 1109 3602 quae
1126 3549 1143 3586 a
1158 3533 1260 3588 Verina

153 3599 256 3654 Zenoni
281 3604 410 3653 eventura
434 3605 511 3654 erant
533 3600 562 3652 in
586 3599 667 3652 risum
684 3601 784 3654 effusus
802 3605 852 3654 est.
889 3601 1054 3656 Callistratus
1070 3619 1135 3657 vero
1153 3602 1259 3672 quidam

155 3685 189 3721 ex
205 3670 294 3722 infima
310 3669 388 3739 plebe
406 3687 487 3741 caupo
507 3671 635 3724 Galerium
651 3671 791 3740 Gorgonas
807 3670 912 3741 saepius
928 3671 1067 3726 adeuntem
1081 3689 1180 3742 easque
1194 3671 1259 3725 assi-

155 3737 207 3791 due
224 3739 433 3794 considerantem
450 3740 521 3811 apud
536 3741 721 3809 imperatorem
737 3741 871 3793 Zenonem
885 3757 919 3792 ex
932 3741 1034 3796 Isauria
1043 3743 1157 3798 secundo
1169 3755 1259 3794 rever-

154 3824 212 3864 sum
237 3808 391 3874 accusavit3
415 3809 460 3880 qui
484 3809 602 3862 Galenus
622 3809 703 3862 multa
719 3809 833 3864 ludibria
851 3814 879 3862 et
894 3811 985 3881 plagas
1001 3830 1050 3882 per
1067 3829 1161 3866 annum
1178 3807 1259 3864 susti-

154 3878 228 3941 nuit,
253 3879 337 3932 donec
358 3879 465 3933 tandem
487 3877 515 3931 in
540 3879 598 3950 ipsa
622 3879 816 3949 Artopoliorum
840 3879 956 3933 calendie
978 3889 1007 3935 et
1030 3883 1065 3936 ad
1086 3884 1169 3951 ipsam
1193 3894 1259 3950 qua-

155 3946 299 4017 drupedum
322 3949 470 4004 animalium
492 3954 572 4018 atque
595 3948 730 4003 volucrum
752 3954 866 4004 statuam
889 3966 905 4002 a
927 3950 1032 4004 Silentii
1055 3952 1189 4021 praelecto
1214 3964 1258 4000 oa-

152 4015 212 4100 pite
234 4018 409 4086 plecteretur,
436 4018 565 4073 clamante
587 4019 701 4074 Pr'asina
722 4019 837 4074 faotione
860 4037 893 4074 ac
915 4021 999 4091 plebis
1017 4020 1164 4090 promiscua
1180 4017 1260 4072 turba

173 4083 270 4138 iustum
283 4081 437 4142 iudicium.’'
473 4089 603 4144 Aristides
619 4107 683 4143 vero
699 4089 869 4160 philosophus
887 4089 1013 4144 eiusmodi
1029 4106 1120 4145 nomen
1135 4088 1194 4139 loco
1211 4087 1260 4140 im-

155 4152 263 4236 posuit,
286 4155 417 4240 hodieque
434 4165 536 4224 manet,
556 4154 673 4213 “Galesi
690 4160 808 4229 hestiae,
833 4159 936 4214 Zenoni
952 4159 1078 4229 iniquitas
1096 4149 1258 4214 attributa·'’

154 4227 309 4294 scriptaque
324 4225 419 4282 lamina
434 4229 463 4284 in
480 4229 641 4286 Chersonem
658 4229 776 4300 aufugit,
794 4231 969 4300 hactenusque
986 4225 1122 4282 incolumis
1139 4231 1189 4282 est.

1279 4483 1400 4558 A
