2814 4608
451 263 508 330 AD
534 261 733 332 connium
757 263 911 334 NOTAE.
1155 272 1229 345 227

129 451 217 504 vetus
233 443 368 502 hexlcon
381 459 444 519 me,
464 437 548 524 quod
563 451 731 505 asservatur
744 445 779 503 in
791 441 975 506 bibliotheca
987 447 1071 507 Petri
1083 447 1232 535 seguini,

129 527 234 607 magni
266 528 435 586 cancellarii
463 529 623 610 διεσείετο,
655 531 869 610 interpretetur
897 523 1047 613 οἶκοῶβιτο
1073 536 1232 620 στραμνδς

129 608 265 696 μαλακὰς
285 613 328 687 εἰς
345 607 428 692 ῶψος
443 606 591 697 ἠρμένος,
614 624 645 674 et
665 614 764 675 addit:
787 607 877 680 αὗται
898 612 931 678 δέ
951 622 1071 700 τρυφῆς
1088 621 1141 684 καὶ
1156 625 1232 705 βλα-

128 699 213 773 κεέας
234 697 317 761 εἰσίν.
358 696 455 758 idem:
482 695 629 781 οἷκοιέμβοι
649 696 733 786 cocci
753 705 817 778 τοῖς
835 699 989 784 Ῥωμαίοις
1008 699 1042 767 τδ
1062 697 1231 790 duocimo,

128 779 205 848 ὅθεν
223 782 276 845 καὶ
295 778 333 846 cci
354 777 511 865 ῶκοῶβιτα.
551 788 654 849 uiuo.

211 887 243 948 p·
267 872 307 934 18
328 889 357 934 v.
379 869 420 936 19
437 888 483 952 sq.
524 865 578 932 τδν
598 865 675 934 νοδν
695 865 785 951 clylcc
805 864 984 950 Στεφάνου]
1005 867 1065 932 hoc
1082 877 1232 957 templum

127 954 191 1014 solo
212 955 275 1012 iam
296 955 465 1036 collapsum
486 957 663 1017 restauravit
679 954 810 1016 Basilius
827 954 969 1037 hiecedc,
988 966 1066 1020 teate
1082 960 1229 1031 Cedreno.

126 1041 248 1100 Menae.

211 1145 243 1205 p.
265 1123 307 1187 19
327 1143 356 1184 v.
378 1123 407 1184 1.
448 1116 506 1200 τὴν
534 1117 744 1204 Μαγναῶραν]
775 1120 927 1182 Dieconus
956 1123 1146 1186 Muccurum
1175 1149 1230 1211 ap·

126 1209 222 1288 pellet
242 1209 276 1266 in
296 1207 436 1267 Mauritio
458 1215 489 1264 et
508 1209 703 1267 Constantino
725 1208 896 1268 Constantis
909 1209 944 1271 F.
964 1209 1055 1272 debet
1068 1213 1231 1294 Magrou-

126 1315 195 1352 ram
223 1294 350 1354 restitui.
392 1292 508 1350 incuria
534 1302 581 1352 est
608 1293 785 1371 supinorum
809 1292 1011 1359 librariorum.
1052 1293 1104 1356 hic
1126 1309 1229 1360 sutem

124 1398 269 1460 personas
289 1379 423 1436 illustres
445 1375 576 1437 advenas
598 1376 789 1456 excipiebant
808 1378 1015 1458 imperatores.
1058 1381 1227 1448 Cedrenm:

126 1465 339 1544 καταλαβοῦσα
368 1459 402 1525 δὲ
428 1457 485 1541 τήν
513 1461 653 1543 βασιλίδα
679 1465 741 1524 τῶν
768 1455 905 1538 πόλεων,
922 1462 1029 1546 Ιδοχῆς
1057 1467 1230 1550 γενομένης,

127 1547 169 1622 ῶς
189 1547 278 1626 ἔθος,
300 1546 334 1610 έν
353 1540 512 1631 μαγναῶμμ
533 1544 664 1629 εἰσήχθη
684 1541 762 1628 eodo
782 1546 904 1628 βασιλέα
924 1546 1057 1630 έντλμοος.
1097 1563 1128 1614 et
1146 1555 1227 1622 alibi,

126 1636 192 1692 eius
219 1634 384 1693 triclinium
411 1633 573 1692 celebrarit
601 1635 818 1714 epigrammate
843 1634 994 1710 lulianus,
1026 1635 1109 1717 quod
1129 1651 1229 1700 exstet

125 1715 325 1797 Antholog.4
349 1719 399 1786 23.
442 1717 572 1778 Basilius
594 1721 686 1778 etiam
705 1719 739 1776 in
757 1718 890 1778 tribunal
909 1723 1056 1781 convertit
1076 1733 1107 1784 et
1126 1735 1162 1784 ut
1179 1727 1228 1786 ius

125 1805 168 1865 ibi
188 1802 337 1864 diceretur
356 1805 525 1879 constituit,
545 1813 621 1864 teste
643 1801 788 1865 Cedreno.
828 1804 949 1870 Mrurs.

208 1911 239 1970 p.
262 1891 303 1952 19
323 1907 353 1948 v.
373 1888 404 1952 3.
443 1883 479 1952 τδ
500 1890 608 1970 Σῆμα]
636 1898 709 1968 puto
729 1887 955 1948 rescribendum
978 1884 1014 1952 τδ
1035 1893 1134 1972 σῖγμα.
1175 1893 1227 1951 in·

123 1975 213 2033 venio
242 1974 275 2032 in
302 1972 503 2054 descriptione
528 1975 610 2034 urbis
631 1975 808 2054 cpolitanae
828 1975 950 2052 regione
970 1975 1059 2034 tertia
1075 1977 1228 2054 porticum

123 2057 372 2129 semirotzondom,
393 2078 471 2138 quae
489 2079 525 2116 ex
542 2057 739 2118 similitudine
747 2056 892 2139 fabricae
911 2060 1011 2138 sigma
1035 2059 1152 2120 Graeco
1172 2083 1228 2122 νο-

123 2143 231 2202 οοδιτῖο
258 2153 461 2222 nuncupatur.
503 2155 568 2204 eret
590 2145 653 2204 illic
671 2145 821 2224 templum
841 2142 996 2226 deiparae,
1028 2144 1110 2226 quod
1129 2156 1227 2207 terrea

121 2239 209 2290 motu
236 2230 405 2310 collapsum
430 2229 561 2290 restituit
584 2230 714 2292 Basilius
735 2227 871 2292 Macedo.
914 2240 1049 2290 auctores
1070 2229 1226 2296 cedrenus

122 2326 151 2374 et
171 2313 315 2374 Zonaras.
357 2315 479 2375 Munus.

203 2421 234 2480 p.
258 2401 298 2464 19
318 2419 348 2465 v.
368 2399 399 2462 3.
432 2395 566 2476 Ὥατον]
589 2396 762 2456 cubiculum
781 2396 901 2477 palatii,
921 2414 940 2454 e
958 2395 1057 2459 forme
1074 2407 1165 2461 ovete
1180 2403 1226 2463 sic

118 2485 317 2546 nominatum.
360 2485 501 2543 meminit
527 2485 592 2543 eius
619 2484 653 2542 in
679 2484 742 2543 vite
760 2482 913 2542 Anaotuii
932 2483 1034 2544 Dicori
1054 2504 1225 2567 anonymus

118 2567 278 2631 historicus
299 2589 347 2630 ms
367 2567 569 2630 bibliothecae
588 2569 680 2648 Regis
701 2566 966 2634 christianissimi:
997 2568 1050 2634 καὶ
1075 2572 1224 2655 βροντῶν,

118 2658 234 2736 inquit,
263 2654 316 2718 καὶ
344 2649 507 2736 ἀστραπῶν
534 2651 606 2733 περὶ
631 2649 667 2714 τδ
693 2647 841 2716 παλέτιον
867 2651 1065 2734 εἰλουμένων,
1094 2655 1225 2722 scelecti

121 2736 266 2819 βασιλέως
292 2730 459 2819 φεύγοντος
479 2731 540 2798 οἷπδ
562 2729 659 2797 τόπον
680 2735 725 2810 εἰς
742 2731 852 2812 τόπον,
882 2737 916 2802 έν
936 2736 984 2800 tvi
1001 2743 1064 2801 τῶν
1083 2743 1225 2806 κοιτανέ-

121 2841 203 2886 σκων
222 2826 267 2906 τῷ
286 2819 437 2907 λεγομένῳ
455 2814 552 2903 ’έδοέτςο
573 2817 735 2900 κατέλαβεν
753 2814 847 2884 αδτδν
869 2819 893 2902 ιβ
911 2815 1001 2902 ὀργή,
1022 2817 1098 2885 ῶστε
1118 2825 1224 2903 αἰφνί-

121 2910 190 2972 διον
207 2905 375 2988 εὑρεθῆναι
393 2900 513 2987 νεκρόν.
555 2905 658 2968 Lens.

206 3013 236 3071 p.
259 2991 299 3054 19
319 3009 348 3056 v,
370 2989 403 3053 3·
444 2985 502 3072 τήν
521 2987 613 3069 νέαν]
645 2989 795 3050 Diaconus
822 2991 855 3048 in
880 2989 1019 3050 Mauritio
1039 2990 1147 3052 Νοναε
1167 3013 1223 3076 ap-

119 3078 224 3158 pellat.
266 3078 390 3142 Munna.

204 3183 236 3243 p.
255 3162 296 3225 19
316 3181 345 3223 v.
364 3159 414 3228 13.
455 3157 508 3222 καλ
525 3155 668 3240 έππικδν]
690 3157 728 3220 de
743 3161 939 3220 Constantino
952 3177 1063 3238 magno
1077 3160 1221 3241 loquitur.

120 3245 203 3328 quod
232 3257 335 3306 eutem
361 3243 497 3308 Codinus
524 3247 567 3304 ait
594 3246 826 3306 Constantinum
852 3243 1092 3324 llippcdromum
1117 3247 1223 3307 Severi

118 3333 330 3413 imperfectum
360 3332 541 3407 absolvisse,
579 3331 735 3392 confirmat
765 3330 814 3392 his
842 3333 941 3391 verbis
974 3328 1221 3412 chronographus

121 3413 281 3501 ἆνῶνυμος
307 3414 361 3480 καὶ
386 3410 548 3490 οἷνέκδοτος
573 3418 607 3476 in
630 3414 814 3478 bibliothece
834 3417 943 3496 Regis:
974 3413 1009 3480 τδ
1029 3413 1063 3480 δέ
1082 3421 1139 3480 τοῦ
1158 3423 1220 3482 Βυ-

121 3506 241 3579 ζαντίου
263 3498 391 3567 ἱππικδν
410 3501 505 3566 ἔκτισε
525 3504 663 3585 Σεβῆρος
683 3502 702 3567 o‘
719 3501 869 3583 Ῥωμαίων
886 3497 1027 3582 βασιλεδς
1039 3497 1112 3584 πρὸς
1125 3509 1220 3587 θερα-

119 3591 209 3652 πιλαν
228 3593 290 3654 τῶν
310 3589 497 3665 Βυζαντίαν,
518 3581 594 3670 ὅπερ
615 3581 673 3651 ocio
690 3586 808 3667 ἔφθασε
821 3591 989 3667 τελειῶσαι,
1007 3586 1059 3651 καλ
1072 3585 1220 3670 διέμεινεν

120 3668 274 3743 ἀτέλεστον
302 3674 387 3758 μέχρι
414 3673 648 3738 Κανσταντένον
673 3677 732 3738 ocri
756 3667 880 3756 πρῶτον
904 3671 957 3735 καλ
986 3665 1117 3755 μεγάλου
1144 3677 1220 3756 Xoi-
1313 3712 1315 3716 ν

121 3765 251 3824 σττανῶν
269 3759 429 3843 βασιλέως,
451 3755 488 3835 δς
505 3759 609 3835 κτίσας
627 3755 685 3840 τήν
703 3752 794 3823 πόλιν
815 3752 1006 3840 μετωνόμασε
1027 3761 1219 3822 Κοινσταντι-

119 3839 281 3925 νοῶπολιν,
300 3841 341 3929 ἣν
361 3845 414 3910 καὶ
433 3838 588 3926 κοσμήσας
605 3839 861 3927 χαλκοομμήμασι,
880 3841 933 3906 καὶ
952 3838 988 3907 eo*
1004 3839 1128 3908 ἱππικὸν
1141 3837 1218 3906 οἰνα-

118 3927 293 4013 πληρῶσας,
313 3936 432 4014 πρῶτος
450 3928 618 3996 ἐπετέλεσεν
637 3929 672 3995 έν
690 3933 732 4020 τῇ
750 3928 893 4016 pensili-ip
912 3925 1011 4016 ἡμέρα
1028 3933 1084 4008 τῆς
1103 3923 1219 4002 πόλεας

117 4011 169 4079 τδν
189 4015 316 4081 δππικδν
337 4013 456 4102 ἀγῶνα,
476 4012 545 4099 ἥτις
562 4021 687 4081 τελεῖται
707 4012 749 4080 ια’
767 4013 867 4101 ἡμέρα
887 4016 1006 4079 Μαΐον.
1046 4015 1149 4073 Ism-

202 4121 235 4180 p·
257 4103 298 4167 19
317 4121 348 4162 v·
369 4105 420 4169 16.
461 4099 533 4178 rotie
550 4098 683 4185 δήμους]
708 4103 800 4185 δῆμοι
819 4099 871 4161 hic
889 4110 1033 4162 vocentur
1051 4099 1120 4158 loca
1139 4096 1219 4178 llip-

9 4235 10 4254 .
113 4183 272 4266 podrcmi‚
303 4187 356 4246 ubi
377 4186 522 4248 sedebunt
544 4185 621 4251 duee
640 4190 787 4250 factiones
806 4189 930 4270 populi,
961 4184 1085 4246 Prasine
1105 4201 1218 4265 nempe

9 4323 10 4340 ι
113 4283 146 4333 et
162 4273 288 4335 Veneta.
330 4273 406 4332 elias
426 4276 518 4354 δῆμοι
535 4277 617 4357 ipsas
636 4277 782 4338 factiones
799 4274 979 4356 significent.
1020 4269 1123 4334 henr.
