2808 4616
171 243 243 317 118
502 233 719 304 GEORGIUS
747 235 934 302 CODINUS

167 435 220 503 τὸν
241 428 379 518 βρυγμόν
398 431 452 492 soi
470 425 720 509 ἔναπομείναντος
736 430 829 502 λαοῦ,
855 411 1043 518 τήςζπόλεας
1059 420 1118 506 ήδη
1137 426 1245 505 ποντιζ
1260 466 1278 478 -

193 540 208 605 ί
244 563 269 614 ς.

167 563 242 624 μνη
271 635 321 701 Τά
352 639 408 700 cod
441 632 623 718 Δαματρίου
650 625 786 695 παλάτια
813 628 843 694 oi
870 628 957 695 αδτοί
981 635 1117 710 βασιλεῖς
1143 627 1277 698 ἔκτισαν.

169 743 232 810 λ’στι
258 742 292 806 δὲ
316 740 409 804 ίκεῖσε
433 736 468 802 sd
495 733 623 820 πήδημα
649 735 881 800 Κανσταντίνου
905 738 962 800 τοῦ
985 731 1055 799 olori
1071 731 1205 822 Εἰρήνης
1221 743 1277 819 τῆς
1384 755 1385 788 ³

166 847 345 931 Ἀθηναίας,
372 847 427 908 τοῦ
443 839 660 928 τνςσλωθίντος
676 836 761 923 παρὰ
777 842 832 920 τῆς
847 835 963 924 μητρός
980 835 1084 902 αὐτοῦ.
1285 846 1301 901 5

275 948 325 1012 Τὰ
344 947 537 1032 Φλοιρεντίου
554 945 604 1008 καλ
621 940 660 1007 τά
677 938 911 1028 Καλλιστράτου
929 939 990 1005 dud
1005 937 1061 1007 δόο
1076 939 1278 1028 αὕταδίλφιυν

172 1054 252 1120 οὕτω
275 1050 469 1134 καλουμένων
491 1048 627 1130 ἐκτίσθη.
678 1043 755 1126 μετὰ
774 1045 807 1109 δὲ
823 1042 876 1108 τδν
892 1041 1029 1110 θάνατον
1045 1043 1145 1110 αὐτῶν
1161 1044 1276 1128 ἐγένετο
1385 1039 1386 1070 ³

172 1156 228 1224 δόο
258 1151 449 1242 μοναστήρια
479 1154 510 1218 ἐν
541 1159 605 1228 τοῖς
630 1145 755 1234 χρόνοις
785 1148 1017 1213 Κωνσταντίνου
1047 1153 1103 1214 τοῦ
1131 1143 1279 1233 μεγάλου.
1386 1158 1387 1220 l

171 1260 249 1346 μετὰ
275 1259 310 1325 δὲ
333 1252 514 1345 τετρακόσια
537 1258 588 1322 καὶ
613 1253 707 1320 εἰκοσι
731 1249 811 1316 desei
828 1249 878 1335 i'sp
895 1253 1023 1328 Παῦλος
1039 1249 1230 1339 πατριάρχης
1246 1253 1278 1315 ἓν

170 1377 235 1442 τοῖς
253 1360 377 1450 χρόνοις
398 1358 530 1448 Εἰρήνης
552 1363 607 1443 τῆς
628 1357 796 1441 Ἀθηναίας
811 1353 1026 1443 παρῃτήσατο,
1052 1359 1102 1421 καὶ
1118 1355 1316 1422 κατελθώνίθ

173 1473 228 1535 τσῦ
250 1467 465 1554 πατριαρχείου
482 1467 575 1530 ἐκιΐσε
592 1457 750 1546 ήσυχήσας
765 1458 843 1545 μετὰ
859 1464 958 1544 μῆνας
973 1459 1125 1548 τίσσαρας
1140 1460 1278 1544 τίθνηκε.

134 1577 158 1630 Β
279 1570 330 1634 Tei
347 1567 480 1636 παλάτια
496 1575 557 1634 τῶν
576 1567 770 1654 Ἐλευθερίου
788 1561 839 1630 καλ
857 1562 896 1630 τά
912 1560 1073 1649 ίργοδόσια
1089 1561 1110 1647 ἦ
1128 1563 1207 1648 αὐτή
1224 1567 1278 1629 El·
1387 1653 1388 1656 Ἴ

174 1672 249 1762 ρήνη
281 1672 404 1740 ἔκτισεν.
457 1673 517 1738 ἀπὸ
550 1671 584 1738 δὲ
614 1674 675 1736 τῶν
699 1669 895 1755 Ἐλευθερίου
927 1669 1082 1737 παλατίιον
1107 1669 1198 1754 μέχρι
1223 1673 1279 1732 τοῦ
1386 1701 1387 1704 ¹

169 1779 393 1865 Ἆμαστριανσδ
417 1773 618 1862 ἱπποδρόμιον
641 1765 695 1858 ἦν,
720 1773 806 1860 παρά
822 1777 878 1838 τοῦ
895 1771 1036 1856 δευτέρου
1053 1773 1211 1858 κτίστορος
1225 1777 1279 1856 τῆς

172 1880 288 1960 πόλεως
311 1887 367 1946 τοῦ
385 1885 498 1970 μικροῦ
517 1879 683 1944 Θεοδοσίου
701 1874 967 1955 κατασκευασθέν,
991 1871 1064 1963 ὅπερ
1081 1875 1242 1942 κατέλυσεν
1257 1871 1316 1961 ήΙό

168 1986 320 2071 Ἀθηναία
337 1986 387 2049 καὶ
405 1983 518 2050 ἔκτισεν
535 1983 567 2047 ἓν
584 1980 669 2070 adrui
684 1980 725 2046 τὰ
740 1977 901 2068 πιστάρια.

277 2088 324 2154 Τδ
350 2088 384 2152 δὲ
406 2084 593 2169 καλοόμενον
608 2085 688 2170 μέγα
705 2083 833 2174 λουτρόν
849 2084 975 2168 πλησίον
990 2090 1046 2152 τοῦ
1061 2085 1137 2168 βοός
1153 2086 1279 2172 ἐκτίσθη

176 2193 261 2279 παρὰ
285 2187 407 2273 Νικήτα
431 2186 576 2271 εδνοάχου
602 2191 654 2254 καὶ
677 2188 726 2252 ἐπὶ
748 2193 804 2273 τῆς
825 2188 990 2277 τραπίζης,
1017 2189 1065 2254 tut
1080 2199 1144 2266 τοῖς
1154 2188 1282 2280 χρόνοις

177 2295 331 2382 Θεοφίλου
347 2297 404 2356 τοῦ
419 2291 580 2374 βασιλέως.
1176 2379 1178 2384 Α

229 2400 231 2404 ’
272 2393 310 2462 Ὁ
334 2391 576 2484 ἀρχιστράτηγος
597 2391 637 2457 τὰ
656 2387 799 2475 Ἀβάκια,
826 2389 843 2458 ὅ
866 2395 993 2478 πλησίον
1008 2401 1065 2462 τοῦ
1080 2391 1317 2484 Ξηρολόφου,νο

176 2502 303 2584 ἐκτίσθη
329 2499 414 2588 παρὰ
436 2497 660 2582 Λεονμακόλου.
713 2493 829 2582 ἐκλήθη
847 2498 882 2562 δὲ
898 2493 978 2566 οὕτω
996 2499 1048 2566 διδ
1064 2499 1099 2568 τὸ
1118 2497 1282 2591 εδρεθήναι

176 2609 268 2674 ίκεῖσε
284 2599 401 2685 duduco
416 2601 600 2687 παμμεγέθη
618 2601 669 2666 καί
687 2597 934 2684 ἀξιοθαύμαστα.

247 2786 265 2839 3
283 2803 310 2856 p.
328 2783 363 2840 59
382 2783 466 2838 Band.
609 2774 777 2849 Δαματρόσς
793 2781 826 2836 C.
965 2785 982 2840 6
999 2779 1112 2853 φλάρου
1129 2783 1199 2852 Reg.
1217 2784 1280 2836 Vat.
1388 2829 1389 2834 ,

247 2855 281 2911 12
299 2875 326 2927 p.
344 2853 380 2912 47
396 2853 480 2910 Baud.
613 2850 647 2904 15
663 2851 777 2920 μικροῦ]
795 2845 1003 2937 peydtposseg.
1026 2918 1034 2938 .
1134 2852 1168 2909 17
1182 2851 1282 2938 p.‚133

246 2926 397 3066 pladite&
467 2922 503 2978 20
520 2939 547 2993 p.
566 2917 618 2978 133
634 2920 720 2976 Band.
852 2939 887 2973 τα
904 2921 1036 2993 αβακηρα
1053 2923 1126 2992 vu„
1143 2939 1195 2977 του
1212 2921 1282 2992 adu·
1386 2938 1389 2949 ¹

177 3147 388 3271 copitabuntnr,
425 3147 562 3202 clamorem
593 3147 701 3202 audient
729 3153 758 3202 et
783 3148 923 3219 strepitum
950 3149 1040 3220 populi
1068 3149 1228 3204 remanentis
1257 3147 1285 3201 in
1334 3143 1336 3152 '

176 3235 208 3270 ur
227 3235 252 3271 e.

281 3286 384 3340 Palatia
408 3286 539 3341 Demetrii
563 3285 642 3340 iidem
666 3287 835 3356 imperatores
862 3287 1044 3341 aedificarunt.
1080 3287 1177 3341 visitur
1198 3293 1284 3340 antem

176 3355 216 3409 ihi
232 3351 351 3425 πήδημα
369 3355 552 3423 Constantini,
570 3356 616 3426 qui
633 3373 650 3408 e
666 3364 750 3408 matre
766 3358 843 3410 Irene
861 3357 951 3410 Attica
968 3364 1126 3410 excaecatus
1143 3357 1204 3410 luit.

280 3424 368 3478 Aedes
395 3425 524 3480 Florentii
549 3431 578 3478 et
604 3424 751 3478 Callistrati
774 3427 826 3480 dno
849 3427 967 3496 germani
990 3429 1087 3480 tratres
1104 3427 1144 3480 ita
1160 3424 1288 3479 nominati

179 3500 384 3561 exstruxerunt3
410 3511 478 3564 qnae
500 3499 563 3564 post
584 3511 672 3547 eorum
689 3501 797 3548 mortem
813 3495 840 3548 in
857 3496 1017 3548 monasteria
1034 3503 1148 3548 mutatae
1166 3498 1287 3548 luerunt.

179 3563 223 3615 hic
246 3571 308 3634 post
324 3565 377 3620 428
394 3581 476 3618 annos
492 3571 611 3634 tempore
628 3563 723 3617 Irenae
740 3566 847 3619 Atticae
863 3564 960 3618 Paulus
976 3565 1140 3635 patriarcha,
1165 3563 1290 3635 deposita

177 3633 350 3702 patriarchali
366 3634 509 3703 dignitate,
527 3633 663 3702 requievit
679 3641 783 3704 etpost
799 3640 924 3705 quattuor
940 3651 1042 3688 menses
1060 3642 1177 3688 mortum
1193 3642 1244 3686 est.
1390 3639 1391 3658 ¹

283 3703 388 3756 Palatia
412 3703 599 3756 Eleutheriana
624 3713 651 3755 et
673 3703 794 3757 officinas
816 3705 907 3756 eadem
923 3705 1002 3758 Irene
1019 3703 1147 3759 condidit.
1182 3703 1291 3774 Hippo-

179 3772 294 3826 dromum
320 3789 399 3838 vero,
444 3773 472 3826 ni
494 3773 566 3826 inter
583 3773 661 3826 aedes
676 3772 879 3826 Eleutherionas
898 3780 927 3826 et
943 3773 1123 3828 Amastrionas
1140 3791 1157 3826 a
1173 3773 1291 3826 secundo

179 3841 252 3895 urbis
270 3841 406 3894 conditore
449 3842 575 3894 heodosio
590 3842 693 3894 iuniore
710 3849 859 3896 exstructus
877 3849 949 3910 erat,
966 3843 1089 3898 demolita
1101 3849 1144 3896 est
1158 3842 1291 3912 Augusta,

179 3911 289 3981 eiusque
306 3913 363 3964 loco
381 3911 493 3979 pistrina
510 3911 672 3965 aedificavit.
1390 3969 1391 3974 η

283 3982 414 4035 Thermus
439 3997 560 4048 magnas,
594 3997 662 4051 quae
686 3988 748 4033 sunt
770 3997 853 4050 prope
876 3981 991 4047 Bovem,
1022 3982 1155 4034 exstruxit
1177 3979 1289 4035 Nicetes
1390 3979 1391 3994 ¹

180 4052 314 4104 eunuchus
333 4062 362 4103 et
379 4051 531 4118 praefectus
549 4067 654 4102 mensae
672 4057 789 4118 tempore
806 4049 948 4120 Theophili
964 4051 1141 4120 imperatoris.

284 4121 351 4173 Tem
371 4121 420 4172 lum
443 4119 475 4171 B.
503 4119 652 4186 archangeli
672 4118 809 4172 Michaelis
826 4125 1003 4189 nuncupatum
1021 4119 1054 4172 ad
1071 4121 1193 4188 Abacos,
1220 4120 1292 4190 quod

183 4193 225 4239 est
236 4205 324 4310 prope
342 4139 535 4258 llerolophnm‚
552 4187 704 4241 aedificavit
714 4188 770 4241 Leo
781 4187 906 4242 Maeelus.
942 4188 978 4240 ita
993 4205 1055 4241 vero
1068 4191 1230 4244 nominatum
1244 4199 1292 4257 est,

183 4271 233 4326 quo
269 4260 306 4314 ibi
325 4257 428 4313 inventl
443 4256 543 4311 fuerint
559 4257 642 4311 Abuci
658 4256 845 4326 magnitudinis
861 4257 1038 4312 admirandae.
