<?xml version="1.0" encoding="UTF-8"?>
<!DOCTYPE html PUBLIC "-//W3C//DTD XHTML 1.0 Transitional//EN"
    "http://www.w3.org/TR/xhtml1/DTD/xhtml1-transitional.dtd">
<html xmlns="http://www.w3.org/1999/xhtml" xml:lang="en" lang="en">
 <head>
  <title>
</title>
<meta http-equiv="Content-Type" content="text/html;charset=utf-8" />
  <meta name='ocr-system' content='tesseract 3.04.00' />
  <meta name='ocr-capabilities' content='ocr_page ocr_carea ocr_par ocr_line ocrx_word'/>
</head>
<body>
  <div class='ocr_page' id='page_1' title='image "./excerptadeantiq00codigoog_0044.png"; bbox 0 0 2802 4636; ppageno 0'>
   <div class='ocr_carea' id='block_1_1' title="bbox 290 1353 1089 1447">
    <p class='ocr_par' dir='ltr' id='par_1_1' title="bbox 290 1353 1089 1447">
     <span class='ocr_line' id='line_1_1' title="bbox 290 1353 1089 1447; baseline 0.003 -3"><span class='ocrx_word' id='word_1_1' title='bbox 290 1355 503 1444; x_wconf 85' lang='grc' dir='ltr'><em>ΠΕΡΙ</em></span> <span class='ocrx_word' id='word_1_2' title='bbox 558 1353 1089 1447; x_wconf 84' lang='grc' dir='ltr'><em>ΑΓΑΛΜΑΤΩΝ</em></span> 
     </span>
    </p>
   </div>
   <div class='ocr_carea' id='block_1_2' title="bbox 245 1551 1136 1759">
    <p class='ocr_par' dir='ltr' id='par_1_2' title="bbox 245 1551 1136 1759">
     <span class='ocr_line' id='line_1_2' title="bbox 245 1551 1136 1620; baseline 0 -2"><span class='ocrx_word' id='word_1_3' title='bbox 245 1551 478 1620; x_wconf 83' lang='grc' dir='ltr'><em>ΣΤΗΛΩΝ</em></span> <span class='ocrx_word' id='word_1_4' title='bbox 521 1555 621 1618; x_wconf 87' lang='grc' dir='ltr'><strong><em>ΚΑΙ</em></strong></span> <span class='ocrx_word' id='word_1_5' title='bbox 669 1552 984 1618; x_wconf 86' lang='grc' dir='ltr'><em>ΘΕΑΜΑΤΩΝ</em></span> <span class='ocrx_word' id='word_1_6' title='bbox 1030 1557 1136 1618; x_wconf 77' lang='grc' dir='ltr'><strong><em>ΤΗΣ</em></strong></span> 
     </span>
     <span class='ocr_line' id='line_1_3' title="bbox 351 1691 1033 1759; baseline 0.004 -4"><span class='ocrx_word' id='word_1_7' title='bbox 351 1691 1033 1759; x_wconf 83' lang='grc' dir='ltr'><em>ΚΩΝΣΤΛΝΤΙΝΟΥΠΟΛΕΩΣ.</em></span> 
     </span>
    </p>
   </div>
   <div class='ocr_carea' id='block_1_3' title="bbox 95 2071 1336 3133">
    <p class='ocr_par' dir='ltr' id='par_1_3' title="bbox 140 2071 1336 2200">
     <span class='ocr_line' id='line_1_4' title="bbox 140 2071 1336 2200; baseline 0.002 -23"><span class='ocrx_word' id='word_1_8' title='bbox 140 2071 210 2178; x_wconf 81' lang='grc' dir='ltr'><strong><em>Τὸ</em></strong></span> <span class='ocrx_word' id='word_1_9' title='bbox 237 2113 271 2176; x_wconf 86' lang='grc' dir='ltr'><strong><em>δέ</em></strong></span> <span class='ocrx_word' id='word_1_10' title='bbox 294 2113 420 2199; x_wconf 79' lang='grc' dir='ltr'><strong><em>ἄγαλμα</em></strong></span> <span class='ocrx_word' id='word_1_11' title='bbox 444 2122 502 2182; x_wconf 80' lang='grc' dir='ltr'><strong><em>τοῦ</em></strong></span> <span class='ocrx_word' id='word_1_12' title='bbox 525 2112 677 2182; x_wconf 75' lang='grc' dir='ltr'><strong><em>Σελεύκου</em></strong></span> <span class='ocrx_word' id='word_1_13' title='bbox 703 2121 759 2181; x_wconf 82' lang='grc' dir='ltr'><strong><em>τοῦ</em></strong></span> <span class='ocrx_word' id='word_1_14' title='bbox 785 2114 830 2181; x_wconf 78' lang='grc' dir='ltr'><strong><em>δι’</em></strong></span> <span class='ocrx_word' id='word_1_15' title='bbox 857 2114 998 2200; x_wconf 81' lang='grc' dir='ltr'><strong><em>ἀνδρείαν</em></strong></span> <span class='ocrx_word' id='word_1_16' title='bbox 1020 2112 1247 2196; x_wconf 68' lang='grc' dir='ltr'><strong><em>ὀνομασθέντος</em></strong></span> <span class='ocrx_word' id='word_1_17' title='bbox 1263 2125 1285 2178; x_wconf 87' lang='grc' dir='ltr'>Ρ</span> <span class='ocrx_word' id='word_1_18' title='bbox 1302 2126 1336 2180; x_wconf 90' lang='grc'><strong><em>16</em></strong></span> 
     </span>
    </p>

    <p class='ocr_par' dir='ltr' id='par_1_4' title="bbox 134 2211 1246 2308">
     <span class='ocr_line' id='line_1_5' title="bbox 134 2211 1246 2308; baseline -0.004 -24"><span class='ocrx_word' id='word_1_19' title='bbox 134 2211 327 2302; x_wconf 79' lang='grc' dir='ltr'><strong><em>Νικάτορος,</em></strong></span> <span class='ocrx_word' id='word_1_20' title='bbox 351 2226 406 2283; x_wconf 83' lang='grc' dir='ltr'><strong><em>τοῦ</em></strong></span> <span class='ocrx_word' id='word_1_21' title='bbox 431 2216 536 2295; x_wconf 91' lang='grc' dir='ltr'><strong><em>δόντος</em></strong></span> <span class='ocrx_word' id='word_1_22' title='bbox 552 2225 597 2308; x_wconf 75' lang='grc' dir='ltr'><strong><em>τῷ</em></strong></span> <span class='ocrx_word' id='word_1_23' title='bbox 615 2219 674 2306; x_wconf 64' lang='lat' dir='ltr'><strong>vini</strong></span> <span class='ocrx_word' id='word_1_24' title='bbox 692 2219 786 2284; x_wconf 79' lang='grc' dir='ltr'><strong><em>αὐτοῦ</em></strong></span> <span class='ocrx_word' id='word_1_25' title='bbox 799 2214 943 2305; x_wconf 84' lang='grc' dir='ltr'><strong><em>Ἀντιόχῳ</em></strong></span> <span class='ocrx_word' id='word_1_26' title='bbox 960 2218 1165 2306; x_wconf 79' lang='grc' dir='ltr'><strong><em>Στρατονίκην</em></strong></span> <span class='ocrx_word' id='word_1_27' title='bbox 1190 2215 1246 2298; x_wconf 79' lang='grc' dir='ltr'><strong><em>τὴν</em></strong></span> 
     </span>
    </p>

    <p class='ocr_par' dir='ltr' id='par_1_5' title="bbox 133 2317 1244 2409">
     <span class='ocr_line' id='line_1_6' title="bbox 133 2317 1244 2409; baseline 0 -25"><span class='ocrx_word' id='word_1_28' title='bbox 133 2317 248 2384; x_wconf 72' lang='grc' dir='ltr'><strong><em>ἑαυτοῦ</em></strong></span> <span class='ocrx_word' id='word_1_29' title='bbox 263 2331 408 2403; x_wconf 73' lang='grc' dir='ltr'><strong><em>γυναῖκα,</em></strong></span> <span class='ocrx_word' id='word_1_30' title='bbox 433 2322 595 2409; x_wconf 69' lang='grc' dir='ltr'><strong><em>ἐρασθέντι</em></strong></span> <span class='ocrx_word' id='word_1_31' title='bbox 612 2323 707 2407; x_wconf 82' lang='grc' dir='ltr'><strong><em>αύτῆς</em></strong></span> <span class='ocrx_word' id='word_1_32' title='bbox 723 2324 774 2387; x_wconf 75' lang='grc' dir='ltr'><strong><em>καὶ</em></strong></span> <span class='ocrx_word' id='word_1_33' title='bbox 792 2322 844 2387; x_wconf 86' lang='grc' dir='ltr'><strong><em>διά</em></strong></span> <span class='ocrx_word' id='word_1_34' title='bbox 860 2320 913 2387; x_wconf 81' lang='grc' dir='ltr'><strong><em>τόν</em></strong></span> <span class='ocrx_word' id='word_1_35' title='bbox 930 2319 1008 2407; x_wconf 85' lang='grc' dir='ltr'><strong><em>πρός</em></strong></span> <span class='ocrx_word' id='word_1_36' title='bbox 1025 2319 1121 2401; x_wconf 82' lang='grc' dir='ltr'><strong><em>αὐτὴν</em></strong></span> <span class='ocrx_word' id='word_1_37' title='bbox 1145 2319 1244 2404; x_wconf 67' lang='grc' dir='ltr'><strong><em>ἔρωτα</em></strong></span> 
     </span>
    </p>

    <p class='ocr_par' dir='ltr' id='par_1_6' title="bbox 109 2419 1245 2616">
     <span class='ocr_line' id='line_1_7' title="bbox 132 2419 1244 2514; baseline -0.004 -24"><span class='ocrx_word' id='word_1_38' title='bbox 132 2419 341 2503; x_wconf 74' lang='grc' dir='ltr'><strong><em>ἀσθενήσαντι</em></strong></span> <span class='ocrx_word' id='word_1_39' title='bbox 358 2427 409 2490; x_wconf 78' lang='grc' dir='ltr'><strong><em>καὶ</em></strong></span> <span class='ocrx_word' id='word_1_40' title='bbox 426 2425 672 2514; x_wconf 79' lang='grc' dir='ltr'><strong><em>έπικρυπτομένῳ</em></strong></span> <span class='ocrx_word' id='word_1_41' title='bbox 680 2474 689 2502; x_wconf 87' lang='grc'><strong><em>,</em></strong></span> <span class='ocrx_word' id='word_1_42' title='bbox 707 2425 873 2511; x_wconf 74' lang='grc' dir='ltr'><strong><em>μνασθέντι</em></strong></span> <span class='ocrx_word' id='word_1_43' title='bbox 888 2421 989 2490; x_wconf 73' lang='lat' dir='ltr'><strong>oliui</strong></span> <span class='ocrx_word' id='word_1_44' title='bbox 1003 2421 1244 2509; x_wconf 80' lang='grc' dir='ltr'><strong><em>Ἐρασιστράτου</em></strong></span> 
     </span>
     <span class='ocr_line' id='line_1_8' title="bbox 109 2524 1245 2616; baseline -0.004 -22"><span class='ocrx_word' id='word_1_45' title='bbox 109 2531 191 2608; x_wconf 76' lang='grc' dir='ltr'><strong><em>5τοῦ</em></strong></span> <span class='ocrx_word' id='word_1_46' title='bbox 208 2527 325 2615; x_wconf 82' lang='grc' dir='ltr'><strong><em>ῖατροῦ.</em></strong></span> <span class='ocrx_word' id='word_1_47' title='bbox 366 2533 443 2616; x_wconf 75' lang='grc' dir='ltr'><strong><em>φασὶ</em></strong></span> <span class='ocrx_word' id='word_1_48' title='bbox 461 2531 495 2596; x_wconf 82' lang='grc' dir='ltr'><strong><em>δὲ</em></strong></span> <span class='ocrx_word' id='word_1_49' title='bbox 511 2526 641 2596; x_wconf 85' lang='grc' dir='ltr'><strong><em>συνόντα</em></strong></span> <span class='ocrx_word' id='word_1_50' title='bbox 658 2531 806 2596; x_wconf 83' lang='grc' dir='ltr'><strong><em>Σέλευκον</em></strong></span> <span class='ocrx_word' id='word_1_51' title='bbox 818 2525 1007 2616; x_wconf 82' lang='grc' dir='ltr'><strong><em>Ἀλεξάνδρῳ</em></strong></span> <span class='ocrx_word' id='word_1_52' title='bbox 1023 2533 1068 2615; x_wconf 77' lang='grc' dir='ltr'><strong><em>τῷ</em></strong></span> <span class='ocrx_word' id='word_1_53' title='bbox 1084 2524 1245 2592; x_wconf 76' lang='grc' dir='ltr'><strong><em>Μακεδόνι</em></strong></span> 
     </span>
    </p>

    <p class='ocr_par' dir='ltr' id='par_1_7' title="bbox 133 2630 1244 2722">
     <span class='ocr_line' id='line_1_9' title="bbox 133 2630 1244 2722; baseline -0.005 -24"><span class='ocrx_word' id='word_1_54' title='bbox 133 2635 249 2718; x_wconf 76' lang='grc' dir='ltr'><strong><em>ταῦρον</em></strong></span> <span class='ocrx_word' id='word_1_55' title='bbox 265 2631 410 2722; x_wconf 82' lang='grc' dir='ltr'><strong><em>θυομένῳ</em></strong></span> <span class='ocrx_word' id='word_1_56' title='bbox 427 2630 625 2722; x_wconf 83' lang='grc' dir='ltr'><strong><em>ἀποδράντα,</em></strong></span> <span class='ocrx_word' id='word_1_57' title='bbox 641 2631 736 2714; x_wconf 86' lang='grc' dir='ltr'><strong><em>μόνον</em></strong></span> <span class='ocrx_word' id='word_1_58' title='bbox 753 2635 901 2699; x_wconf 85' lang='grc' dir='ltr'><strong><em>Σέλευκον</em></strong></span> <span class='ocrx_word' id='word_1_59' title='bbox 918 2632 1130 2718; x_wconf 77' lang='grc' dir='ltr'><strong><em>περιγενέσθαι</em></strong></span> <span class='ocrx_word' id='word_1_60' title='bbox 1149 2631 1244 2695; x_wconf 78' lang='grc' dir='ltr'><strong><em>αὐτοῦ</em></strong></span> 
     </span>
    </p>

    <p class='ocr_par' dir='ltr' id='par_1_8' title="bbox 133 2731 1281 2826">
     <span class='ocr_line' id='line_1_10' title="bbox 133 2731 1281 2826; baseline -0.003 -25"><span class='ocrx_word' id='word_1_61' title='bbox 133 2741 195 2801; x_wconf 85' lang='grc' dir='ltr'><strong><em>τῶν</em></strong></span> <span class='ocrx_word' id='word_1_62' title='bbox 212 2731 347 2821; x_wconf 81' lang='grc' dir='ltr'><strong><em>κεράτων</em></strong></span> <span class='ocrx_word' id='word_1_63' title='bbox 363 2735 574 2825; x_wconf 77' lang='grc' dir='ltr'><strong><em>κρατήσαντα·</em></strong></span> <span class='ocrx_word' id='word_1_64' title='bbox 599 2738 651 2801; x_wconf 79' lang='grc' dir='ltr'><strong><em>καὶ</em></strong></span> <span class='ocrx_word' id='word_1_65' title='bbox 669 2736 721 2802; x_wconf 78' lang='grc' dir='ltr'><strong><em>διὰ</em></strong></span> <span class='ocrx_word' id='word_1_66' title='bbox 737 2743 827 2804; x_wconf 81' lang='grc' dir='ltr'><strong><em>τοῦτο</em></strong></span> <span class='ocrx_word' id='word_1_67' title='bbox 845 2743 888 2826; x_wconf 81' lang='grc' dir='ltr'><strong><em>τῷ</em></strong></span> <span class='ocrx_word' id='word_1_68' title='bbox 912 2734 1066 2822; x_wconf 76' lang='grc' dir='ltr'><strong><em>ἀγάλματι</em></strong></span> <span class='ocrx_word' id='word_1_69' title='bbox 1091 2735 1185 2800; x_wconf 75' lang='grc' dir='ltr'><strong><em>αὐτοῦ</em></strong></span> <span class='ocrx_word' id='word_1_70' title='bbox 1210 2736 1242 2797; x_wconf 82' lang='grc' dir='ltr'><strong><em>έν</em></strong></span> <span class='ocrx_word' id='word_1_71' title='bbox 1258 2745 1281 2797; x_wconf 91' lang='grc' dir='ltr'><strong>Β</strong></span> 
     </span>
    </p>

    <p class='ocr_par' dir='ltr' id='par_1_9' title="bbox 134 2831 877 2928">
     <span class='ocr_line' id='line_1_11' title="bbox 134 2831 877 2928; baseline 0 -23"><span class='ocrx_word' id='word_1_72' title='bbox 134 2845 172 2927; x_wconf 79' lang='grc' dir='ltr'><strong><em>τῇ</em></strong></span> <span class='ocrx_word' id='word_1_73' title='bbox 189 2845 308 2926; x_wconf 79' lang='grc' dir='ltr'><strong><em>κεφαλῇ</em></strong></span> <span class='ocrx_word' id='word_1_74' title='bbox 325 2843 516 2926; x_wconf 69' lang='grc' dir='ltr'><strong><em>περιτιθέασι</em></strong></span> <span class='ocrx_word' id='word_1_75' title='bbox 532 2841 657 2928; x_wconf 88' lang='grc' dir='ltr'><strong><em>κέρατα.</em></strong></span> <span class='ocrx_word' id='word_1_76' title='bbox 875 2831 877 2837; x_wconf 45' lang='grc'><em>’</em></span> 
     </span>
    </p>

    <p class='ocr_par' dir='ltr' id='par_1_10' title="bbox 234 2934 1244 3033">
     <span class='ocr_line' id='line_1_12' title="bbox 234 2934 1244 3033; baseline -0.006 -27"><span class='ocrx_word' id='word_1_77' title='bbox 234 2941 286 3008; x_wconf 78' lang='grc' dir='ltr'><strong><em>Ἐν</em></strong></span> <span class='ocrx_word' id='word_1_78' title='bbox 311 2955 378 3021; x_wconf 80' lang='grc' dir='ltr'><strong><em>ταῖς</em></strong></span> <span class='ocrx_word' id='word_1_79' title='bbox 401 2942 519 3033; x_wconf 70' lang='grc' dir='ltr'><strong><em>ἑορταῖς</em></strong></span> <span class='ocrx_word' id='word_1_80' title='bbox 544 2946 594 3008; x_wconf 76' lang='grc' dir='ltr'><strong><em>καὶ</em></strong></span> <span class='ocrx_word' id='word_1_81' title='bbox 617 2952 682 3020; x_wconf 76' lang='grc' dir='ltr'><strong><em>τοῖς</em></strong></span> <span class='ocrx_word' id='word_1_82' title='bbox 706 2943 875 3020; x_wconf 82' lang='grc' dir='ltr'><strong><em>έπινινιιόις,</em></strong></span> <span class='ocrx_word' id='word_1_83' title='bbox 903 2943 954 3005; x_wconf 79' lang='grc' dir='ltr'><strong><em>καλ</em></strong></span> <span class='ocrx_word' id='word_1_84' title='bbox 976 2934 1134 3025; x_wconf 85' lang='grc' dir='ltr'><strong><em>παρόντων</em></strong></span> <span class='ocrx_word' id='word_1_85' title='bbox 1152 2937 1244 3022; x_wconf 90' lang='grc' dir='ltr'><strong><em>πρέσ-</em></strong></span> 
     </span>
    </p>

    <p class='ocr_par' dir='ltr' id='par_1_11' title="bbox 95 3044 1244 3133">
     <span class='ocr_line' id='line_1_13' title="bbox 95 3044 1244 3133; baseline -0.012 -17"><span class='ocrx_word' id='word_1_86' title='bbox 95 3053 231 3129; x_wconf 79' lang='grc' dir='ltr'><strong><em>Ιθβαον,</em></strong></span> <span class='ocrx_word' id='word_1_87' title='bbox 256 3044 411 3113; x_wconf 80' lang='grc' dir='ltr'><strong><em>ἐνεδύοντο</em></strong></span> <span class='ocrx_word' id='word_1_88' title='bbox 434 3046 598 3133; x_wconf 79' lang='grc' dir='ltr'><strong><em>χλαμύδας</em></strong></span> <span class='ocrx_word' id='word_1_89' title='bbox 621 3049 761 3122; x_wconf 72' lang='grc' dir='ltr'><strong><em>ποικίλας</em></strong></span> <span class='ocrx_word' id='word_1_90' title='bbox 784 3045 844 3110; x_wconf 80' lang='grc' dir='ltr'><strong><em>ἀπὸ</em></strong></span> <span class='ocrx_word' id='word_1_91' title='bbox 866 3049 987 3132; x_wconf 81' lang='grc' dir='ltr'><strong><em>χρυσοῦ</em></strong></span> <span class='ocrx_word' id='word_1_92' title='bbox 1007 3044 1058 3108; x_wconf 79' lang='grc' dir='ltr'><strong><em>καὶ</em></strong></span> <span class='ocrx_word' id='word_1_93' title='bbox 1082 3045 1244 3129; x_wconf 76' lang='grc' dir='ltr'><strong><em>πορφυρᾶς</em></strong></span> 
     </span>
    </p>
   </div>
   <div class='ocr_carea' id='block_1_4' title="bbox 208 3217 1007 3295">
    <p class='ocr_par' dir='ltr' id='par_1_12' title="bbox 208 3217 1007 3295">
     <span class='ocr_line' id='line_1_14' title="bbox 208 3217 1007 3295; baseline 0.001 -14"><span class='ocrx_word' id='word_1_94' title='bbox 208 3225 225 3281; x_wconf 86' lang='grc'>9</span> <span class='ocrx_word' id='word_1_95' title='bbox 242 3219 286 3280; x_wconf 86' lang='grc' dir='ltr'><strong><em>ότι</em></strong></span> <span class='ocrx_word' id='word_1_96' title='bbox 303 3219 334 3280; x_wconf 77' lang='grc' dir='ltr'><strong><em>οἱ</em></strong></span> <span class='ocrx_word' id='word_1_97' title='bbox 347 3220 437 3280; x_wconf 86' lang='grc' dir='ltr'><strong><em>πάλαι</em></strong></span> <span class='ocrx_word' id='word_1_98' title='bbox 453 3219 484 3282; x_wconf 82' lang='grc' dir='ltr'><strong><em>έν</em></strong></span> <span class='ocrx_word' id='word_1_99' title='bbox 501 3231 561 3292; x_wconf 78' lang='grc' dir='ltr'><strong><em>τοῖς</em></strong></span> <span class='ocrx_word' id='word_1_100' title='bbox 577 3219 715 3288; x_wconf 77' lang='grc' dir='ltr'><strong><em>ἒπινικίας</em></strong></span> <span class='ocrx_word' id='word_1_101' title='bbox 735 3217 846 3294; x_wconf 75' lang='grc' dir='ltr'><strong><em>ἑορταῖς</em></strong></span> <span class='ocrx_word' id='word_1_102' title='bbox 862 3224 920 3278; x_wconf 86' lang='lat' dir='ltr'><strong>cod.</strong></span> <span class='ocrx_word' id='word_1_103' title='bbox 938 3223 1007 3295; x_wconf 82' lang='lat' dir='ltr'><strong>Reg.</strong></span> 
     </span>
    </p>
   </div>
   <div class='ocr_carea' id='block_1_5' title="bbox 185 3457 1202 3676">
    <p class='ocr_par' dir='ltr' id='par_1_13' title="bbox 185 3457 1202 3676">
     <span class='ocr_line' id='line_1_15' title="bbox 204 3457 1044 3570; baseline -0.006 -21"><span class='ocrx_word' id='word_1_104' title='bbox 204 3559 211 3570; x_wconf 11' lang='lat' dir='ltr'>x</span> <span class='ocrx_word' id='word_1_105' title='bbox 330 3461 415 3548; x_wconf 86' lang='lat' dir='ltr'><strong>un</strong></span> <span class='ocrx_word' id='word_1_106' title='bbox 456 3459 701 3567; x_wconf 71' lang='lat' dir='ltr'><strong>slsum,</strong></span> <span class='ocrx_word' id='word_1_107' title='bbox 742 3457 1044 3546; x_wconf 80' lang='lat' dir='ltr'>STATUIS</span> 
     </span>
     <span class='ocr_line' id='line_1_16' title="bbox 185 3613 1202 3676; baseline -0.005 0"><span class='ocrx_word' id='word_1_108' title='bbox 185 3616 240 3676; x_wconf 89' lang='lat' dir='ltr'><strong><em>ET</em></strong></span> <span class='ocrx_word' id='word_1_109' title='bbox 269 3616 373 3676; x_wconf 83' lang='lat' dir='ltr'><strong>ALllS</strong></span> <span class='ocrx_word' id='word_1_110' title='bbox 401 3616 528 3676; x_wconf 88' lang='lat' dir='ltr'>SPECT</span> <span class='ocrx_word' id='word_1_111' title='bbox 529 3615 612 3676; x_wconf 88' lang='lat' dir='ltr'><strong><em>ATU</em></strong></span> <span class='ocrx_word' id='word_1_112' title='bbox 639 3614 775 3676; x_wconf 90' lang='lat' dir='ltr'><strong>DlGNlS</strong></span> <span class='ocrx_word' id='word_1_113' title='bbox 803 3613 1202 3676; x_wconf 82' lang='lat' dir='ltr'><strong>CONSTANTINOPOLI.</strong></span> 
     </span>
    </p>
   </div>
   <div class='ocr_carea' id='block_1_6' title="bbox 135 3730 1246 4410">
    <p class='ocr_par' dir='ltr' id='par_1_14' title="bbox 135 3730 1246 4252">
     <span class='ocr_line' id='line_1_17' title="bbox 135 3730 1246 3853; baseline -0.007 -15"><span class='ocrx_word' id='word_1_114' title='bbox 135 3730 327 3838; x_wconf 75' lang='lat' dir='ltr'><strong>Simulacrum</strong></span> <span class='ocrx_word' id='word_1_115' title='bbox 355 3787 398 3836; x_wconf 87' lang='lat' dir='ltr'><strong>est</strong></span> <span class='ocrx_word' id='word_1_116' title='bbox 425 3781 544 3849; x_wconf 80' lang='lat' dir='ltr'><strong>Seleuci,</strong></span> <span class='ocrx_word' id='word_1_117' title='bbox 573 3781 619 3853; x_wconf 88' lang='lat' dir='ltr'><strong>qui</strong></span> <span class='ocrx_word' id='word_1_118' title='bbox 643 3787 753 3852; x_wconf 87' lang='lat' dir='ltr'><strong>proter</strong></span> <span class='ocrx_word' id='word_1_119' title='bbox 776 3780 958 3834; x_wconf 82' lang='lat' dir='ltr'><strong>fortitudinem</strong></span> <span class='ocrx_word' id='word_1_120' title='bbox 982 3782 1180 3850; x_wconf 84' lang='lat' dir='ltr'><strong>cognominatus</strong></span> <span class='ocrx_word' id='word_1_121' title='bbox 1204 3785 1246 3831; x_wconf 85' lang='lat' dir='ltr'><strong>est</strong></span> 
     </span>
     <span class='ocr_line' id='line_1_18' title="bbox 137 3849 1245 3920; baseline -0.007 -15"><span class='ocrx_word' id='word_1_122' title='bbox 137 3852 266 3918; x_wconf 79' lang='lat' dir='ltr'><strong>Nicator,</strong></span> <span class='ocrx_word' id='word_1_123' title='bbox 295 3862 323 3904; x_wconf 86' lang='lat' dir='ltr'><strong>et</strong></span> <span class='ocrx_word' id='word_1_124' title='bbox 346 3852 401 3904; x_wconf 86' lang='lat' dir='ltr'><strong>filio</strong></span> <span class='ocrx_word' id='word_1_125' title='bbox 428 3869 475 3905; x_wconf 88' lang='lat' dir='ltr'><strong>sno</strong></span> <span class='ocrx_word' id='word_1_126' title='bbox 498 3851 629 3905; x_wconf 82' lang='lat' dir='ltr'><strong>Antiocho</strong></span> <span class='ocrx_word' id='word_1_127' title='bbox 653 3851 686 3904; x_wconf 88' lang='lat' dir='ltr'><strong>de</strong></span> <span class='ocrx_word' id='word_1_128' title='bbox 707 3851 727 3902; x_wconf 82' lang='lat' dir='ltr'><strong><em>‘t</em></strong></span> <span class='ocrx_word' id='word_1_129' title='bbox 748 3850 882 3920; x_wconf 85' lang='lat' dir='ltr'>propriam</span> <span class='ocrx_word' id='word_1_130' title='bbox 903 3851 1040 3920; x_wconf 83' lang='lat' dir='ltr'><strong>coniugem</strong></span> <span class='ocrx_word' id='word_1_131' title='bbox 1065 3849 1245 3911; x_wconf 76' lang='lat' dir='ltr'>Stratonicen,</span> 
     </span>
     <span class='ocr_line' id='line_1_19' title="bbox 137 3919 1245 3992; baseline -0.006 -18"><span class='ocrx_word' id='word_1_132' title='bbox 137 3939 226 3975; x_wconf 89' lang='lat' dir='ltr'><strong>amore</strong></span> <span class='ocrx_word' id='word_1_133' title='bbox 247 3921 319 3974; x_wconf 86' lang='lat' dir='ltr'><strong>illins</strong></span> <span class='ocrx_word' id='word_1_134' title='bbox 340 3929 420 3992; x_wconf 84' lang='lat' dir='ltr'><strong>capto</strong></span> <span class='ocrx_word' id='word_1_135' title='bbox 442 3927 472 3974; x_wconf 91' lang='lat' dir='ltr'><strong>et</strong></span> <span class='ocrx_word' id='word_1_136' title='bbox 513 3939 559 3974; x_wconf 87' lang='lat' dir='ltr'><strong><em>rae</em></strong></span> <span class='ocrx_word' id='word_1_137' title='bbox 583 3938 670 3974; x_wconf 87' lang='lat' dir='ltr'><strong>amore</strong></span> <span class='ocrx_word' id='word_1_138' title='bbox 694 3920 844 3990; x_wconf 75' lang='lat' dir='ltr'>aegrotanti</span> <span class='ocrx_word' id='word_1_139' title='bbox 869 3926 898 3973; x_wconf 88' lang='lat' dir='ltr'><strong>et</strong></span> <span class='ocrx_word' id='word_1_140' title='bbox 921 3921 1095 3975; x_wconf 72' lang='lat' dir='ltr'><strong>dissimulanti</strong></span> <span class='ocrx_word' id='word_1_141' title='bbox 1120 3919 1245 3984; x_wconf 84' lang='lat' dir='ltr'>morbum,</span> 
     </span>
     <span class='ocr_line' id='line_1_20' title="bbox 136 3989 1245 4061; baseline -0.007 -17"><span class='ocrx_word' id='word_1_142' title='bbox 136 4008 213 4060; x_wconf 88' lang='lat' dir='ltr'><strong>quem</strong></span> <span class='ocrx_word' id='word_1_143' title='bbox 237 3990 417 4044; x_wconf 72' lang='lat' dir='ltr'><strong>Erasistratus</strong></span> <span class='ocrx_word' id='word_1_144' title='bbox 443 4008 483 4044; x_wconf 90' lang='lat' dir='ltr'><strong>me</strong></span> <span class='ocrx_word' id='word_1_145' title='bbox 503 3991 560 4044; x_wconf 83' lang='lat' dir='ltr'><strong>iens</strong></span> <span class='ocrx_word' id='word_1_146' title='bbox 584 3989 767 4061; x_wconf 82' lang='lat' dir='ltr'><strong>deprehendit.</strong></span> <span class='ocrx_word' id='word_1_147' title='bbox 802 3995 935 4044; x_wconf 81' lang='lat' dir='ltr'><strong>caeterum</strong></span> <span class='ocrx_word' id='word_1_148' title='bbox 963 3990 1074 4045; x_wconf 87' lang='lat' dir='ltr'><strong>tradunt</strong></span> <span class='ocrx_word' id='word_1_149' title='bbox 1098 3989 1245 4053; x_wconf 83' lang='lat' dir='ltr'><strong>Seleucum,</strong></span> 
     </span>
     <span class='ocr_line' id='line_1_21' title="bbox 138 4055 1245 4129; baseline -0.005 -17"><span class='ocrx_word' id='word_1_150' title='bbox 138 4077 194 4112; x_wconf 88' lang='lat' dir='ltr'><strong>cnm</strong></span> <span class='ocrx_word' id='word_1_151' title='bbox 212 4059 364 4113; x_wconf 86' lang='lat' dir='ltr'><strong>Alexandro</strong></span> <span class='ocrx_word' id='word_1_152' title='bbox 382 4060 522 4113; x_wconf 75' lang='lat' dir='ltr'><strong>Macedoni</strong></span> <span class='ocrx_word' id='word_1_153' title='bbox 538 4060 700 4114; x_wconf 85' lang='lat' dir='ltr'><strong>sacrificanti</strong></span> <span class='ocrx_word' id='word_1_154' title='bbox 715 4066 808 4113; x_wconf 74' lang='lat' dir='ltr'><strong>murus</strong></span> <span class='ocrx_word' id='word_1_155' title='bbox 826 4059 978 4129; x_wconf 83' lang='lat' dir='ltr'><strong>effugisset,</strong></span> <span class='ocrx_word' id='word_1_156' title='bbox 995 4061 1107 4112; x_wconf 87' lang='lat' dir='ltr'><strong>bestiam</strong></span> <span class='ocrx_word' id='word_1_157' title='bbox 1123 4055 1245 4107; x_wconf 90' lang='lat' dir='ltr'><strong>cornibus</strong></span> 
     </span>
     <span class='ocr_line' id='line_1_22' title="bbox 137 4125 1246 4212; baseline -0.006 -32"><span class='ocrx_word' id='word_1_158' title='bbox 137 4129 293 4212; x_wconf 74' lang='lat' dir='ltr'><strong>prehensam</strong></span> <span class='ocrx_word' id='word_1_159' title='bbox 310 4129 393 4184; x_wconf 87' lang='lat' dir='ltr'><strong>solnm</strong></span> <span class='ocrx_word' id='word_1_160' title='bbox 407 4130 538 4199; x_wconf 87' lang='lat' dir='ltr'><strong>tenuisse,</strong></span> <span class='ocrx_word' id='word_1_161' title='bbox 571 4148 655 4202; x_wconf 86' lang='lat' dir='ltr'><strong>eaque</strong></span> <span class='ocrx_word' id='word_1_162' title='bbox 679 4130 713 4182; x_wconf 89' lang='lat' dir='ltr'><strong>de</strong></span> <span class='ocrx_word' id='word_1_163' title='bbox 730 4145 810 4182; x_wconf 85' lang='lat' dir='ltr'><strong>causa</strong></span> <span class='ocrx_word' id='word_1_164' title='bbox 828 4130 909 4199; x_wconf 86' lang='lat' dir='ltr'><strong>capiti</strong></span> <span class='ocrx_word' id='word_1_165' title='bbox 926 4129 1055 4183; x_wconf 79' lang='lat' dir='ltr'><strong>simulacri</strong></span> <span class='ocrx_word' id='word_1_166' title='bbox 1072 4125 1128 4177; x_wconf 86' lang='lat' dir='ltr'><strong>eius</strong></span> <span class='ocrx_word' id='word_1_167' title='bbox 1146 4140 1246 4175; x_wconf 81' lang='lat' dir='ltr'><strong>cornua</strong></span> 
     </span>
     <span class='ocr_line' id='line_1_23' title="bbox 137 4207 281 4252; baseline 0 -1"><span class='ocrx_word' id='word_1_168' title='bbox 137 4215 170 4251; x_wconf 79' lang='lat' dir='ltr'><strong><em>sm</em></strong></span> <span class='ocrx_word' id='word_1_169' title='bbox 190 4207 281 4252; x_wconf 88' lang='lat' dir='ltr'><strong>onnnt.</strong></span> 
     </span>
    </p>

    <p class='ocr_par' dir='ltr' id='par_1_15' title="bbox 138 4215 1245 4410">
     <span class='ocr_line' id='line_1_24' title="bbox 172 4215 1245 4340; baseline -0.01 -20"><span class='ocrx_word' id='word_1_170' title='bbox 172 4215 189 4268; x_wconf 62' lang='lat' dir='ltr'>p</span> <span class='ocrx_word' id='word_1_171' title='bbox 240 4267 272 4320; x_wconf 93' lang='lat' dir='ltr'><strong>In</strong></span> <span class='ocrx_word' id='word_1_172' title='bbox 289 4266 412 4321; x_wconf 75' lang='lat' dir='ltr'><strong>festinet</strong></span> <span class='ocrx_word' id='word_1_173' title='bbox 429 4266 563 4338; x_wconf 82' lang='lat' dir='ltr'><strong>victoriis,</strong></span> <span class='ocrx_word' id='word_1_174' title='bbox 593 4275 622 4322; x_wconf 86' lang='lat' dir='ltr'><strong><em>ot</em></strong></span> <span class='ocrx_word' id='word_1_175' title='bbox 637 4267 822 4340; x_wconf 85' lang='lat' dir='ltr'><strong>praesentibus</strong></span> <span class='ocrx_word' id='word_1_176' title='bbox 838 4266 950 4335; x_wconf 83' lang='lat' dir='ltr'><strong>legatis,</strong></span> <span class='ocrx_word' id='word_1_177' title='bbox 978 4261 1123 4314; x_wconf 78' lang='lat' dir='ltr'><strong>induebant</strong></span> <span class='ocrx_word' id='word_1_178' title='bbox 1144 4260 1245 4310; x_wconf 85' lang='lat' dir='ltr'><strong>tunicas</strong></span> 
     </span>
     <span class='ocr_line' id='line_1_25' title="bbox 138 4328 1245 4410; baseline -0.005 -20"><span class='ocrx_word' id='word_1_179' title='bbox 138 4334 304 4407; x_wconf 83' lang='lat' dir='ltr'><strong>variegatas,</strong></span> <span class='ocrx_word' id='word_1_180' title='bbox 332 4353 397 4390; x_wconf 83' lang='lat' dir='ltr'><strong>suro</strong></span> <span class='ocrx_word' id='word_1_181' title='bbox 422 4343 451 4391; x_wconf 84' lang='lat' dir='ltr'><strong>et</strong></span> <span class='ocrx_word' id='word_1_182' title='bbox 475 4354 591 4410; x_wconf 83' lang='lat' dir='ltr'><strong>purpura</strong></span> <span class='ocrx_word' id='word_1_183' title='bbox 614 4340 657 4393; x_wconf 86' lang='lat' dir='ltr'><strong>vel</strong></span> <span class='ocrx_word' id='word_1_184' title='bbox 678 4339 729 4394; x_wconf 84' lang='lat' dir='ltr'><strong>alia</strong></span> <span class='ocrx_word' id='word_1_185' title='bbox 746 4355 775 4392; x_wconf 89' lang='lat' dir='ltr'><strong>re</strong></span> <span class='ocrx_word' id='word_1_186' title='bbox 793 4344 913 4391; x_wconf 75' lang='lat' dir='ltr'><strong>ornatess</strong></span> <span class='ocrx_word' id='word_1_187' title='bbox 944 4333 970 4384; x_wconf 90' lang='lat' dir='ltr'><strong><em>in</em></strong></span> <span class='ocrx_word' id='word_1_188' title='bbox 988 4328 1141 4396; x_wconf 78' lang='lat' dir='ltr'><strong>vulgaribus</strong></span> <span class='ocrx_word' id='word_1_189' title='bbox 1158 4338 1245 4384; x_wconf 80' lang='lat' dir='ltr'><strong>autem</strong></span> 
     </span>
    </p>
   </div>
   <div class='ocr_carea' id='block_1_7' title="bbox 0 0 1411 4636">
    <p class='ocr_par' dir='ltr' id='par_1_16' title="bbox 0 0 1411 4636">
     <span class='ocr_line' id='line_1_26' title="bbox 0 0 1411 4636; baseline 0 0"><span class='ocrx_word' id='word_1_190' title='bbox 0 0 1411 4636; x_wconf 95' lang='lat' dir='ltr'><strong><em> </em></strong></span> 
     </span>
    </p>
   </div>
  </div>
 </body>
</html>
