2802 4636
190 291 240 366 78
524 289 739 358 GEORGlUS
767 289 953 358 GODINUS

149 491 172 544 c
293 480 343 545 Τδι
366 475 536 563 καλοόμινα
558 481 754 567 Προτασίου,
780 476 796 544 ό
821 479 876 562 μέν
898 472 992 554 τόπος
1015 477 1048 542 ἐκ
1070 484 1126 544 τοῦ
1150 477 1296 567 ἀνωτέρω

188 584 334 676 ῥηθέντος
358 585 536 670 Προτασίου
562 582 695 668 ἐκλήθη,
720 581 740 667 ἢ
759 585 792 648 δέ
808 590 862 648 νῦν
879 582 1022 668 ἐκκλησία
1038 588 1093 667 τῆς
1110 579 1199 666 ἇγίας
1217 589 1296 648 θεο-

186 688 277 756 τόκου
304 690 430 772 ἐκτίσθη
454 687 539 776 παρδι
560 688 721 756 Ἰουστίνου
746 694 801 754 τοῦ
824 687 989 771 βασιλέως,
1015 693 1070 752 τοῦ
1095 687 1207 774 ἀνδρὸς
1230 691 1295 752 Σο·
1386 751 1387 768 p

188 795 262 881 φίας
286 799 340 876 τῆς
362 798 483 876 λωβῆς,
509 798 565 858 τοῦ
582 791 642 858 ἀπὸ
660 790 914 879 κουροπαλάτων,
940 792 1070 874 ἀνεψιοῦ
1085 797 1140 856 τοῦ
1156 788 1296 876 μεγάλου
1386 783 1387 814 ³

183 898 412 976 lecastrensem,
438 899 500 962 ἐπεὶ
527 897 587 962 ἀπὸ
611 903 665 963 ταῶ
689 897 867 984 Προτασίου
892 898 948 974 ἕως
971 901 1027 962 τοῦ
1044 896 1200 982 κτίστορος
1214 895 1318 964 'Iov-5

186 1003 287 1070 στίνου
307 1003 435 1083 διῆλθον
448 999 555 1087 χρόνοι
572 998 650 1082 σνγί.

290 1105 341 1169 Tu
358 1102 505 1189 λεγόμενα
522 1107 667 1192 Στείρου,
694 1098 710 1168 ὃ
728 1101 801 1178 ναδς
817 1107 877 1167 τῶν
895 1100 1104 1188 άρχαγγέλων,
1132 1100 1192 1164 ἀπὸ
1211 1102 1293 1166 στεί-

186 1235 243 1294 ρας
265 1209 405 1294 γυναικὸς
427 1207 516 1290 ἔλαβε
539 1209 594 1294 τὴν
614 1208 835 1295 προσηγορίαν,
861 1208 1022 1293 πατρικιάς
1039 1203 1133 1287 οόσης
1149 1207 1199 1268 καὶ
1218 1231 1292 1268 παι-

186 1309 407 1396 δοποιησάσης·
433 1317 484 1376 καὶ
511 1313 542 1378 ἐν
565 1321 629 1390 τοῖς
649 1309 771 1396 χρόνοις
787 1311 926 1386 Λέοντος
941 1315 997 1374 τοῦ
1013 1309 1163 1374 Μακέλου
1183 1305 1293 1392 εὖκτή-

184 1441 251 1502 ριον
277 1415 386 1500 μικρὸν
409 1407 456 1500 ἦν.
509 1415 568 1480 ἀπό
593 1417 626 1480 δέ
648 1423 704 1498 τῆς
725 1413 864 1500 γυναικὸς
881 1409 1084 1497 ὥνομάσθηό
1103 1409 1212 1490 τόπος,
1239 1415 1289 1476 καί
1298 1428 1329 1480 10

183 1517 402 1603 τελευτησάσης
430 1517 599 1602 διήλθοσαν
620 1517 727 1606 χρόνοι
754 1515 805 1596 σε’,
840 1520 888 1581 καί
916 1519 1041 1600 ἐκτίσθη
1067 1513 1082 1582 ὃ
1108 1517 1181 1592 ναός
1204 1516 1290 1603 παρὰ

144 1637 168 1690 D
182 1623 395 1690 Ἰουστινιανοῦ
412 1631 467 1690 τοῦ
485 1627 642 1710 κτίστορος
655 1632 711 1707 τῆς
722 1620 855 1707 μεγάλης
868 1623 1036 1706 ἐκκλησίας.
1067 1622 1290 1703 συμπτωμένοο

184 1727 217 1790 δὲ
242 1727 337 1792 αὐτοῦ
360 1725 420 1792 ὑπὸ
445 1736 500 1792 τοῦ
522 1734 666 1809 σεισμοῦ,
691 1727 768 1808 μετὰ
781 1724 913 1812 χρόνους
929 1723 994 1808 τλη’
1012 1725 1178 1790 ἀνεκαίνισε
1195 1725 1291 1790 αὗτδν

182 1833 345 1906 Βασίλειος
374 1828 389 1895 ὃ
415 1829 574 1913 βασιλεύς,
602 1830 686 1907 ὅστις
709 1832 758 1894 καὶ
784 1833 817 1894 ἐκ
843 1836 897 1894 τοῦ
925 1831 1108 1915 στρατηγίου
1132 1827 1210 1914 άρας
1235 1829 1289 1912 τὴν

182 1932 296 2020 φιάλην
318 1935 373 2018 τὴν
392 1941 510 2019 χαλκῆν
532 1937 666 2000 τέθεικεν
683 1933 779 2018 αὐτὴν
795 1935 897 2000 ἐκεῖσε.
943 1934 1099 2020 ’παρέλυσε
1118 1933 1218 1997 δὲκαὶ
1237 1933 1288 2002 τὸν
1296 1938 1326 1993 15

181 2040 396 2117 Κωνωπίωνα,
423 2040 457 2118 ὃς
483 2031 521 2123 ἦν
546 2039 751 2123 ἐστηλωμίνος
775 2037 852 2102 κατδι
876 2045 975 2119 μυιῶν
998 2041 1049 2102 καὶ
1066 2035 1220 2102 κωνώπων
1237 2039 1289 2100 καὶ

182 2142 316 2224 ἐμπίδων
333 2145 383 2206 καὶ
400 2146 540 2229 καρίδων.

279 2242 316 2308 ‘0
341 2244 427 2328 ἅγιος
446 2243 588 2328 Ἰωάννης
609 2242 629 2324 ἦ
649 2242 833 2332 Ἀρκαδιανὴ
856 2242 942 2330 παρὰ
960 2242 1122 2330 Ἀρκαδίαν
1147 2243 1288 2326 ἐκτίσθη,

251 2459 267 2512 1
287 2473 315 2525 p.
332 2455 367 2511 27
384 2454 468 2508 Band.
599 2447 636 2506 τά
653 2451 828 2524 καλούμενοι]
842 2451 875 2508 Ὁ
891 2449 943 2522 μὲν
959 2451 1047 2516 τόπος
1062 2455 1113 2508 τοῦ
1132 2450 1288 2525 Οόρβικίου

251 2519 358 2592 ἐκλήθη
393 2523 570 2592 Προτοισίου,
600 2517 619 2590 ἡ
644 2519 677 2575 δὲ
700 2521 838 2586 θεοτόκος
863 2519 877 2578 ὁ
903 2519 973 2586 ναός
996 2519 1083 2576 αὐτοῦ
1107 2519 1224 2592 ἐκτίσθη
1253 2527 1287 2577 Ο.

251 2597 268 2648 2
296 2595 364 2660 νῶν]
390 2595 442 2648 νῶν
466 2588 551 2646 ἐκεῖσε
576 2588 703 2661 ὁρωμένη
728 2594 797 2662 Reg.
935 2597 958 2668 4‘
981 2593 1086 2664 λαβῆς]
1111 2595 1200 2662 γαλῆς
1216 2595 1287 2663 Reg.
1382 2651 1383 2656 ,

251 2664 268 2720 7
295 2681 323 2733 p.
341 2665 375 2716 25
393 2663 478 2716 Band.
627 2657 663 2714 τά
686 2659 835 2731 λεγόμενα]
862 2658 906 2718 ότι
927 2659 942 2718 δ
961 2664 1077 2730 Στεῑρος
1095 2659 1163 2724 ναός
1180 2665 1235 2717 τῶν
1254 2668 1287 2730 0,
1382 2665 1383 2678 ³

250 2726 286 2786 τοὶ
304 2728 436 2800 λεγόμενα
454 2727 555 2799 τζάρου
574 2726 605 2784 σί
619 2729 684 2786 ναοί
703 2736 758 2785 τῶν
775 2733 843 2804 Reg.
959 2735 994 2786 12
1012 2727 1237 2800 συμπτωθέντοιν
1253 2730 1287 2786 δέ

249 2802 305 2855 τῶν
321 2803 399 2854 ναῶν
415 2797 471 2854 ὑπὸ
491 2804 523 2854 C.
665 2804 698 2856 15
724 2797 825 2870 ἐκεῖσε,
850 2800 898 2855 καί
915 2805 1068 2870 τηνικαῦτα
1086 2799 1234 2870 παρελύθη
1252 2799 1283 2855 τό

250 2865 474 2941 ἐστοιχειωμένον
492 2873 629 2939 στοιχεῖον
645 2869 678 2924 τὸ
695 2867 822 2939 μέγιστόν
839 2889 868 2924 τε
886 2873 933 2924 καλ
952 2867 1175 2937 ἀναγκαιότατον
1190 2875 1245 2924 τῶν
1257 2866 1287 2924 ἐν

250 2941 286 3012 τῇ
310 2937 403 3012 πόλει,
430 2939 562 3010 δηλονότι
584 2941 685 2994 τοῦτο
709 2941 894 3002 κωνωπίωνος
915 2938 963 2992 καὶ
986 2941 1041 2992 τῶν
1061 2941 1149 3008 μυιῶν
1166 2941 1214 2996 καί
1232 2941 1288 2994 τῶν

251 3009 374 3076 ἐμπίδων
391 3009 440 3062 καὶ
457 3012 569 3072 ψυλλῶν
586 3008 635 3062 καὶ
651 3009 788 3075 καρίδων,
808 3007 946 3078 πρότερον
960 3007 1079 3078 χρόνους
1093 3008 1132 3064 ου’
1148 3007 1185 3079 μὴ
1198 3005 1287 3065 όντων

251 3077 281 3132 ἐν
298 3081 333 3149 τῇ
350 3077 438 3133 πόλει.
460 3081 492 3132 C.
582 3081 616 3134 16
634 3075 706 3131 κατὰ
724 3081 826 3148 μυιῶν]
845 3077 914 3147 μετά
931 3080 1013 3148 μυίας
1029 3077 1164 3141 κώνωπος
1179 3077 1288 3144 oollae

250 3148 299 3200 κοιλ
315 3147 418 3215 κόρεως
434 3149 503 3218 neg.
609 3149 642 3202 18
662 3143 680 3216 ἡ
697 3142 877 3220 Ἀρκαδιανὴ]
896 3146 932 3204 τά
949 3145 1107 3218 καλούμενα
1125 3145 1286 3218 άρκοιδιανοὶ

250 3217 334 3287 Reg.‚
359 3215 407 3269 καὶ
422 3212 594 3285 οἷρκαδιαναὶ
610 3219 689 3272 alius.

284 3404 372 3456 Locus
395 3404 482 3458 dictus
503 3405 617 3460 Protesii
641 3421 735 3458 nomen
760 3405 841 3459 habet
865 3423 880 3458 a
904 3407 1026 3460 Protesio
1043 3408 1187 3477 magistro,
1210 3408 1286 3461 cuius

180 3490 260 3542 supra
283 3475 440 3528 mentionem
461 3476 580 3528 fecimus.
618 3491 685 3545 quae
708 3493 773 3528 vero
796 3476 927 3545 hodieque
949 3477 987 3529 ibi
1011 3477 1106 3530 visitur
1126 3479 1237 3530 ecclesia
1255 3480 1286 3533 S.

179 3543 317 3612 deiparae,
343 3545 482 3597 aedificata
505 3553 545 3597 est
569 3546 602 3599 ab
626 3548 785 3614 imperatore
806 3546 907 3598 Iustino
927 3549 1093 3616 curopalate,
1119 3549 1215 3600 merito
1234 3549 1287 3599 So-

178 3611 258 3682 phiae
275 3620 447 3682 cognomento
466 3615 568 3684 Lobes,
592 3615 727 3669 Iustiniani
745 3616 832 3684 magni
850 3633 883 3667 ex
901 3633 992 3669 sorore
1009 3625 1122 3687 nepote,
1140 3619 1215 3671 annis
1233 3619 1286 3671 252

177 3689 238 3752 post
255 3683 371 3735 Protesii
385 3692 510 3755 tempora.

283 3754 419 3823 Templum
445 3755 658 3824 archangelorum
683 3754 841 3806 nominatum
869 3755 974 3808 sterilis
998 3774 1013 3808 a
1036 3757 1148 3824 patricie
1173 3757 1286 3826 quadarn

178 3820 265 3873 sterili
290 3839 431 3890 cognomen
455 3825 571 3894 aceepit,
597 3836 625 3876 et
649 3825 701 3876 suit
722 3832 839 3894 tempore
856 3823 953 3876 Leonis
971 3825 1076 3878 Macelli
1094 3843 1204 3894 parvum
1223 3845 1288 3878 ora·

176 3891 282 3944 terium.
319 3893 393 3944 annis
416 3900 502 3946 autem
523 3893 556 3948 75
579 3899 718 3963 postquam
735 3893 779 3945 illa
796 3893 889 3946 mulier
905 3895 986 3962 obiit,
1014 3897 1146 3948 exstruxit
1161 3897 1200 3948 ibi
1217 3901 1287 3948 tem-

176 3960 245 4028 plum
268 3961 428 4014 Iustinianus
450 3981 559 4032 magnae
582 3964 709 4015 ecclesiae
726 3962 862 4026 eonditor3
889 3963 960 4032 quod
976 3973 1065 4018 terrac
1083 3973 1153 4018 motu
1170 3967 1286 4018 subver-

178 4045 233 4082 sum
251 4037 313 4102 post
330 4049 413 4084 annos
429 4031 481 4086 338
497 4035 638 4086 renovavit
655 4033 767 4084 Basilius
783 4032 940 4102 imperator,
959 4041 988 4086 et
1004 4036 1111 4104 insuper
1125 4038 1239 4089 ablatem
1251 4053 1287 4088 ex

177 4099 314 4168 strategio
331 4100 444 4170 phialam
461 4119 563 4155 aeream
578 4103 640 4154 illuc
656 4100 830 4168 transposuit.
865 4102 933 4156 idem
948 4105 1046 4155 evertit
1061 4112 1173 4158 statuam
1188 4106 1286 4158 dictam

177 4165 367 4290 Οοαορὶρυοτυ,
394 4187 462 4240 quae
485 4171 580 4223 muscis
603 4171 729 4224 culicibus
755 4169 885 4224 cimicibus
910 4172 1082 4242 laudibusque
1107 4177 1196 4228 obsita
1221 4177 1287 4228 istic

177 4244 266 4292 erecta
295 4241 369 4293 uerat

279 4308 402 4363 Ecclesia
420 4309 451 4362 S.
468 4309 589 4376 Ioannis,
614 4311 786 4376 cognomento
802 4305 964 4376 Arcadiona,
988 4311 1095 4363 condita
1112 4311 1165 4364 fuit
1182 4313 1216 4364 ab
1235 4313 1286 4364 Ar-
