2808 4616
123 927 148 983 0

122 1500 148 1554 l)

158 213 234 292 168
498 204 673 277 INGERTI
697 199 910 274 lucrosis

153 402 274 489 Ῥώμης
295 401 344 468 ἐπὶ
364 397 529 466 ’lovi-sosoi
544 393 693 462 ὑπατικοῦ
708 388 757 458 inl
773 388 808 456 τὸ
825 384 993 468 Βυζάντιον
1010 380 1157 470 cleopan,
1183 384 1264 466 μετὰ

158 504 314 596 καραάχας
329 505 380 570 καλ
395 501 468 586 νηὸς
484 501 535 566 καὶ
552 502 670 584 στηλῶν
688 492 819 563 δώδεκα.
862 489 958 576 αὕτη,
975 489 1087 578 φασίν,
1103 485 1123 573 ἡ
1141 487 1265 576 ἱστορία

157 618 214 681 τοῦ
235 606 394 694 θεάματος
416 601 553 692 Σευὴραυ
577 600 597 687 ἡ
620 601 688 685 ξίνη
704 599 822 686 γέγονεν
838 596 887 662 ἐπὶ
899 594 1047 678 Ἀνθίμου
1062 589 1199 660 ὑπάτου·
1226 582 1265 656 οὑ

157 714 241 792 τινὸς
264 713 304 780 τά
323 711 470 793 Ἀνθίμον
496 706 575 773 κατὰ
597 704 653 790 τὴν
675 704 809 770 ιιίλενσιν
825 695 1030 782 Νουζυμὴτου
1048 693 1189 784 ὑπάρχου
1207 702 1266 780 τῆς

160 817 295 896 πόλεως,
325 820 381 880 τοῦ
408 811 467 878 άπὸ
493 813 642 897 Περσῶν,
673 806 741 873 ἀντὶ
764 801 888 872 πάντων
910 800 1199 890 ἐχρηματίσθησαν,
1233 801 1266 865 ἓν

163 931 231 1000 ταῖς
251 917 379 1007 ἡμίραις
397 913 483 996 Βάζα
506 915 557 980 καί
574 912 706 992 Ἀντίου,
731 911 782 976 καί
799 908 855 988 ἕως
870 912 926 992 τῆς
942 903 1076 994 σὴμερον
1092 913 1156 982 τοῖς
1171 910 1266 992 φιλο-

161 1029 311 1116 σοφοῦσιν
328 1023 359 1088 ἐν
375 1021 464 1112 πείρρι
480 1016 675 1106 προτίθεσαι
689 1013 807 1099 θέαμα.

606 1204 748 1288 Θίαμα
787 1196 819 1282 β’

409 1342 498 1411 τάν
532 1339 578 1410 ἐν
612 1340 671 1434 τῷ
706 1327 831 1431 ὥρέιμ
866 1329 1014 1425 μιλίρι.

264 1495 316 1564 Ἐν
333 1501 380 1586 τῷ
397 1495 482 1585 αἰρίῳ
497 1495 588 1584 μιλίῳ
604 1489 691 1579 ἡλίου
709 1489 795 1579 άρμα
810 1491 842 1554 ἐν
857 1488 997 1574 τέτρασιν
1009 1487 1116 1561 ἵπποις
1132 1486 1268 1573 πυρίνοις

163 1600 337 1687 ίπταμίναις
359 1599 443 1686 παρὰ
467 1595 523 1664 irio
543 1604 661 1682 στηλῶν
678 1599 712 1662 {a
727 1599 865 1661 παλαιῶν
879 1589 998 1678 χρόνων
1013 1586 1162 1677 ὑπῆρχεν,
1188 1588 1268 1656 ἔνθα

163 1708 393 1778 Κυνσταντῖνος
409 1701 586 1790 εὑφημίσθη
602 1700 681 1785 μετὰ
696 1698 732 1765 τά
748 1703 870 1782 νικῆσαι
881 1692 1022 1776 Ἀζάτιον
1034 1696 1085 1760 sol
1097 1690 1200 1774 Βάζαν
1213 1695 1268 1759 καὶ

158 1807 281 1894 Ἄκην,
307 1805 469 1898 κράζοντας
484 1811 541 1873 τοῦ
557 1805 686 1870 Βενίτου
702 1802 815 1890 μίρους

523 1903 600 1986 εἷλες
616 1909 798 1994 παλίνορσον
817 1899 984 1987 ἳμάσθλην,

373 2008 415 2088 ὥς
432 2012 466 2078 δὲ
483 2014 529 2089 δίς
545 2009 665 2097 ἡβήσας
680 2011 802 2094 μαίνεαι
818 2009 849 2072 ἕν
866 2006 1011 2082 σταδίοις.

1275 813 1294 866 5

1274 1495 1312 1550 10

1276 2015 1313 2070 15

165 2119 221 2181 τοὺ
247 2115 281 2180 δὲ
305 2116 467 2201 Πρατίνου
491 2115 604 2202 μίρους
628 2115 766 2200 λίχοντος
783 2109 843 2178 “ori
864 2106 1015 2200 χρὴζομέν
1038 2129 1090 2186 σε,
1115 2103 1212 2187 λωβέ·
1240 2105 1271 2171 οἱ
1384 2159 1385 2176 l

127 2221 153 2275 Ε
170 2217 240 2282 θεοὶ
262 2212 406 2302 άνάτεροι
427 2215 522 2282 αὑτοῦ
540 2216 642 2284 iilos?
693 2223 750 2283 τοὺ
766 2216 801 2282 δὲ
815 2213 901 2300 ἡλίου
919 2211 1057 2301 ἅρματος
1073 2207 1271 2292 κατενεχθέν-

166 2342 219 2396 τος
243 2317 274 2382 ἔν
292 2323 337 2406 τῷ
348 2315 570 2408 Ἱπποδρομίῳ,
595 2315 861 2406 δορυφορούμενον
877 2316 970 2404 είσῄει
986 2315 1138 2399 στηλίὺιον
1155 2310 1270 2393 καινάν,

166 2420 253 2508 παρὰ
269 2423 501 2488 Κυνσταντίνου
518 2421 766 2490 κατασκευασθέν
771 2469 782 2502 ,
799 2417 858 2487 ὑπὸ
875 2418 962 2505 ἡλίου
981 2415 1146 2508 φερόμενον
1152 2465 1162 2496 ,
1182 2415 1270 2502 Τάχη
1385 2489 1386 2492 ¹

167 2521 301 2601 πόλεως·
326 2525 357 2590 ἔν
379 2526 534 2612 βραβείοις
556 2527 706 2604 πλείστοις
723 2529 765 2602 εἰς
780 2524 815 2590 τὸ
833 2521 937 2608 στάμα
954 2520 1046 2611 εἰσῄει
1051 2569 1062 2602 ,
1088 2523 1139 2586 καὶ
1162 2518 1270 2604 ἔλαβεν

169 2618 257 2692 ἆθλα
279 2628 365 2716 παρὰ
382 2635 437 2696 τοῦ
452 2630 603 2713 βασιλέως
618 2631 851 2699 Relucentne
858 2676 870 2711 ,
895 2630 947 2694 soi
963 2625 1163 2716 στεφανυθὲν
1180 2622 1270 2715 ἐξῄει,

169 2839 245 2910 prius
270 2839 354 2894 Roma
375 2840 532 2908 Byzantium
555 2842 656 2896 Iuliano
676 2842 782 2896 consule
798 2857 856 2896 cum
873 2855 984 2894 carruca
999 2842 1029 2891 et
1045 2855 1115 2893 aare
1132 2838 1272 2892 actiacam

171 2909 231 2963 aliis
254 2911 351 2963 statuis
374 2913 519 2965 translatus
542 2913 647 2967 fuisset.
681 2911 794 2982 contigit
817 2927 882 2965 vero
900 2907 1031 2979 stupenda
1046 2909 1113 2961 baec
1128 2909 1272 2979 spectaculi

171 2978 312 3031 Sevemani
329 2979 442 3034 historia
457 2981 579 3034 Anthimo
596 2981 718 3046 consule;
735 2981 809 3034 cuius
826 2979 944 3032 Antbimi
960 2980 1043 3044 bona,
1060 2977 1169 3030 iubente
1181 2979 1273 3032 Nosa-

171 3052 241 3100 meto
263 3047 338 3099 urbis
362 3051 499 3116 praelecto
523 3049 621 3120 Persa,
664 3067 694 3103 ro
710 3057 789 3120 pacta
805 3049 918 3120 pecunia
934 3047 1060 3101 solvenda
1076 3047 1185 3101 vendita
1202 3057 1272 3116 sunt,

171 3115 201 3167 in
223 3113 315 3168 diebus
339 3117 430 3184 Byzas
447 3126 475 3172 et
491 3119 582 3186 Antii3
608 3121 641 3175 bo
660 3121 737 3190 'eque
752 3118 995 3190 philosophantibus
1015 3116 1050 3170 ad
1066 3117 1271 3188 experimentum

172 3183 223 3238 boc
238 3185 414 3256 spectaculum
430 3194 546 3258 prostat.

499 3325 741 3395 Spectaculum
768 3323 944 3380 secundum

326 3408 373 3471 de
394 3410 445 3471 iis
468 3431 566 3493 quoe
587 3414 627 3473 io
649 3431 774 3476 aureo
795 3412 976 3474 miliario
998 3418 1124 3473 oraret.

272 3525 305 3580 Iu
327 3541 407 3579 aureo
430 3525 540 3580 miliario
563 3527 614 3580 iam
635 3526 697 3580 iude
718 3529 752 3582 ab
776 3528 892 3596 antiquis
915 3529 1075 3599 temporibus
1097 3545 1191 3582 marus
1213 3527 1276 3582 solis

170 3593 292 3648 trahente
315 3595 444 3666 quadriga
461 3612 585 3664 equorum
601 3597 672 3666 ignei
687 3598 781 3652 coloris
799 3598 875 3667 quasi
891 3599 1035 3652 volantium
1052 3617 1069 3652 a
1086 3599 1187 3652 duobus
1205 3598 1278 3652 colu·

172 3663 238 3719 mnis
261 3664 413 3730 visebatur3
446 3665 493 3718 ubi
516 3665 706 3720 Constantinus
730 3672 791 3751 post
814 3668 902 3720 victos
926 3667 1049 3724 Matium
1073 3668 1221 3738 Bysautem
1246 3673 1277 3722 et

173 3737 268 3789 Autem
285 3733 404 3789 Venetae
421 3734 543 3788 factionis
560 3737 788 3790 acclamationibus
806 3743 931 3806 exceptus
949 3743 1004 3791 est:

532 3807 638 3860 vertisti
654 3812 725 3858 retro
742 3807 882 3876 flagellum,

379 3889 410 3925 ac
428 3873 502 3926 velut
518 3875 558 3927 bis
575 3877 735 3944 pubescens,
752 3876 849 3928 insanis
866 3875 893 3928 in
910 3875 1004 3929 stodiis

172 3941 286 3996 Prasias
303 3958 337 3996 ax
352 3942 473 4010 opposito
490 3943 605 3996 factione
620 3943 738 4014 (licente,
759 3939 832 3998 “non
848 3951 877 3998 te
895 3961 961 4014 opus
978 3945 1117 4012 babemus,
1134 3941 1278 3998 iniuriose:

173 4009 211 4062 dii
236 4012 279 4065 illo
301 4009 452 4080 superiores
473 4007 610 4065 traxere.'’
652 4014 716 4066 solis
738 4019 825 4068 autem
847 4031 927 4066 curru
948 4014 976 4067 in
998 4014 1206 4085 Hippodromum
1231 4013 1279 4066 de-

173 4077 251 4132 ducto
278 4086 367 4134 statua
391 4079 435 4130 illa
460 4080 569 4146 exigua,
601 4082 674 4135 urbis
700 4083 800 4137 scilicet
823 4083 947 4150 fortuna,
978 4100 1055 4153 quam
1080 4081 1277 4136 Constantinus

173 4145 368 4216 fabricaverat,
392 4147 447 4200 sole
471 4153 563 4214 vecta,
589 4151 675 4204 multis
697 4153 798 4206 braviis
819 4153 952 4206 instructa
975 4152 1004 4205 iu
1026 4151 1204 4222 Hippodromi
1228 4152 1279 4204 tri-

172 4213 252 4270 buual
267 4221 408 4286 veniebat,
426 4216 593 4288 receptisque
609 4235 626 4274 a
643 4220 818 4278 Constantino
833 4223 991 4293 imperatore
1008 4221 1138 4278 victoriae
1152 4221 1279 4292 praemiis

1277 2527 1312 2581 20
