2802 4636
514 284 573 348 DE
599 281 739 350 SIGNIS
766 281 827 350 ΟΡ.
1171 287 1221 360 63

114 471 279 556 Φαύστης,
303 472 354 538 καὶ
373 475 429 537 τοῦ
445 473 645 557 πραιποσίτου
659 467 846 558 Ἱλαρίοονος,
872 473 923 537 καὶ
936 477 991 538 τοῦ
1004 473 1115 552 παιδός
1127 475 1223 542 αάτοῦ

113 581 275 665 Κρίσπον,
301 574 336 640 ὃν
357 571 528 663 Ἡρόδοτος
551 579 602 640 καὶ
621 572 798 653 Ἱππόλυτος
814 576 844 640 οἳ
857 573 1067 665 χρονογράφοι
1084 579 1222 664 λέγουσιν

115 684 399 769 ἀποκεφαλισθήνιιι
415 680 499 764 παρά
517 687 573 745 τοῦ
590 677 723 765 μεγάλου
741 684 973 746 Κωνοταντίνου
991 687 1046 746 τοῦ
1062 685 1141 746 idion
1159 712 1221 750 πα-

114 787 187 874 τρὸς
213 786 263 850 ιλιά
288 785 323 850 τὸ
350 787 391 860 είς
416 781 554 867 ὑποψίαν
580 787 682 850 ἐλθεῖν
705 791 866 868 μοιχεῦσαι
884 788 980 869 ζητεῖν
996 785 1053 869 τήν
1070 789 1221 873 μητρυιάν

89 887 281 972 amatam,
305 885 344 973 ήν
365 913 433 952 τινα
449 894 610 970 βαλανεῖον
626 890 772 974 πυρωθέν
790 891 911 967 ἐδέξατο
929 892 979 954 καὶ
998 893 1061 954 ε’κεῖ
1074 891 1222 978 ἀνῃρέθη.

108 991 212 1077 Ἑλένη
232 995 266 1057 δὲ
285 989 305 1074 6
323 988 424 1079 μήτηρ
441 999 498 1058 τοῦ
513 991 647 1077 μεγάλου
665 996 897 1060 Κωνοταντίνον
905 1042 916 1074 ,
942 993 986 1076 μή
1010 995 1148 1080 φέρουσα
1166 996 1222 1080 τήν

112 1105 167 1163 τοῦ
192 1097 261 1162 νέον
288 1095 393 1160 ἀιλικον
419 1096 588 1182 ἀναίρεσιν,
614 1095 674 1181 ήόη
699 1104 754 1181 τῆς
775 1105 830 1164 τοῦ
853 1101 1013 1184 Καίσαρος
1036 1099 1221 1176 ἀξιωθέντος

112 1208 221 1284 τιμής,
254 1201 411 1284 ήάολέσχει
444 1203 492 1265 ἐπὶ
524 1209 562 1287 τῇ
595 1200 707 1288 ἀκρίτῳ
740 1199 894 1288 ἀποφάσει
913 1199 1040 1282 τούτου.
1093 1203 1141 1268 616
1169 1206 1259 1270 aaiB

112 1306 336 1388 μεταμεληθεὶς
360 1301 376 1368 ὃ
399 1299 510 1370 τοότου
533 1303 634 1392 πατὴρ
659 1305 824 1389 ἐπένθησεν
849 1304 967 1392 ἡμέρας
983 1303 1221 1396 τεσσαράκοντα,

69 1431 105 1484 10
112 1409 157 1493 μή
175 1406 363 1490 λουσάμενος
379 1406 458 1486 ὅλως
474 1408 509 1474 τὸ
527 1413 634 1492 σῶμα,
660 1408 737 1491 μηδ’
757 1411 804 1473 ἐπὶ
822 1413 923 1493 κλίνης
939 1407 1048 1476 πεσοίν.
1100 1413 1221 1496 ἐποίησε

114 1514 148 1577 δέ
174 1515 225 1576 καὶ
247 1512 303 1594 τήν
327 1510 439 1595 στήλην
457 1513 553 1578 αὐτοῦ
570 1515 602 1589 ἐξ
619 1510 754 1598 ἀργόρου
773 1519 916 1599 καθαροῦ
924 1561 934 1590 ,
962 1511 1173 1599 ἔπιχρυσυίσας
1190 1515 1221 1580 ἓν

112 1616 215 1702 μέρει,
249 1615 305 1698 τὴν
330 1615 364 1680 66
387 1615 525 1702 κεφαλήν
549 1617 582 1680 ἐκ
604 1617 734 1702 χρυσίου
758 1618 889 1696 τελείου,
924 1617 1097 1702 ἐπιγράψας
1121 1620 1153 1683 έν
1177 1623 1221 1707 τῷ

111 1716 243 1807 μετώπῳ
270 1717 368 1796 οάτῳς
387 1716 428 1785 “6
455 1720 636 1802 ἠδικημένος
659 1717 725 1796 οἶός
746 1720 841 1802 pov.³³
895 1719 1009 1804 ταύτην
1032 1723 1066 1786 ἀὲ
1091 1719 1222 1806 ποιήσας

110 1822 276 1907 μετάνοιαν
301 1823 401 1888 πολλά
425 1827 477 1888 καὶ
500 1823 553 1888 τόν
577 1824 652 1890 θεὸν
677 1822 907 1908 έξελιπάρησεν,
931 1828 983 1888 ἵνα
1008 1826 1115 1912 ἀφεθῇ
1138 1827 1222 1912 αὐτῷ

67 1927 147 1997 15τά
166 1925 344 2013 ἁμάρτημα.
397 1927 429 1991 αἱ
447 1930 479 1992 δέ
496 1930 599 1990 λοιπαὶ
616 1933 725 2009 στῆλαι
741 1924 916 2013 ὑπάρχουσι
931 1923 1087 2011 Σεβήρου,
1106 1923 1223 2014 Ἅρμα.-

111 2033 198 2118 τίου,
233 2032 427 2107 Ζευξίππου,
460 2033 622 2114 Βίγλεντος
647 2037 702 2094 τοῦ
729 2031 768 2094 τά
792 2031 945 2114 βιγλέντιοι
971 2033 1144 2111 κτίσαντος,
1170 2035 1223 2096 καὶ

108 2135 306 2220 Ἐλευθερίου
323 2139 379 2197 τοῦ
394 2133 433 2196 τὰ
452 2134 483 2196 ἐν
499 2139 544 2220 τῷ
561 2129 677 2221 σενάτῳ
694 2130 827 2198 πολάτια
844 2136 1010 2211 κτίσαντος.
1062 2138 1113 2198 καὶ
1138 2127 1223 2202 οὗτοι

183 2331 199 2381 1
218 2327 270 2380 co6
284 2326 379 2410 τρίτου
396 2320 500 2387 παιδός
514 2326 547 2378 O.
578 2343 630 2378 του
617 2321 790 2386 παιδός’
753 2326 842 2380 αυτοῦ
852 2323 1001 2396 ὁμωνύμου
1013 2329 1221 2383 κωνσταντίνου

182 2389 264 2450 ncl‘
250 2391 347 2482 ετίρου
364 2395 482 2457 κρίσπου
500 2389 705 2480 ὀνομαζομένου
721 2396 1219 2484 1711.1Ιίἰπρίσκουο1κρήσκεντος.

181 2468 199 2522 9
224 2460 315 2518 έπένθ
316 2465 397 2533 ησεν]
423 2461 569 2534 μετενόησε
592 2463 641 2517 καλ
664 2462 795 2519 έκλαυσεν
818 2462 868 2518 ἐπ’
892 2461 969 2535 αὐτῷ
993 2463 1020 2534 μ’
1042 2462 1150 2556 ἡμέρης
1137 2465 1222 2530 caol

183 2531 210 2604 μ’
234 2532 337 2596 νόκτας
360 2535 424 2588 Vat
566 2536 600 2586 10
625 2530 695 2602 μηδ’
718 2529 781 2620 ἐπὶ]
807 2530 845 2604 μὴ
868 2523 1018 2621 ἀναπράξας
1036 2531 1066 2589 έν
1083 2539 1164 2624 ηοίτη
1185 2540 1219 2592 F·

183 2607 218 2661 13
244 2601 350 2672 ταύτην
378 2601 493 2672 στήσας,
521 2600 673 2672 μετάνοιαν
702 2604 811 2694 βολον,
840 2597 965 2674 ίλιπάρει
992 2601 1095 2672 θεῷ
1080 2625 1152 2671 οπερ
1183 2595 1222 2659 τόν

183 2671 447 2758 ἕηλημμὲληρενθ.
497 2707 499 2716 ι
577 2675 611 2730 16
634 2674 792 2758 Βιγλεντίου
811 2676 868 2728 CF.
1007 2657 1042 2730 17‘
1063 2677 1115 2730 τοῦ
1131 2673 1171 2736 είς
1187 2670 1221 2728 τό

185 2741 303 2798 σε’νατον
320 2737 352 2794 τό
371 2738 510 2796 παλατιον
526 2743 561 2796 F
703 2733 782 2796 οὗτοι
798 2741 900 2804 πάντες
917 2743 991 2809 ξίφει
1003 2743 1221 2830 παρεδόθησαν,

184 2809 272 2867 καὶ
258 2806 313 2865 υπό
338 2805 525 2878 ἀδικήσαντος
541 2807 731 2894 οτηλωθέντες
748 2810 918 2895 συγχώρησιν
933 2809 1013 2878 παρά
1030 2815 1082 2865 τοῦ
1098 2819 1221 2896 πλημμε-

184 2877 320 2966 λήσαντος
338 2875 543 2934 ἐδυσωποῦντο.
578 2876 739 2963 ηαρέλαβον
756 2881 788 2936 dl
806 2883 855 2934 καὶ
871 2899 907 2933 τα
898 2877 1062 2934 οἰκεῐα’
1033 2899 1118 2934 τεκνα
1136 2883 1220 2934 τοῦτο

185 2945 274 3036 αηίτὸ
281 2953 382 3002 ποιεῖν.
417 2948 466 3002 καλ
492 2943 523 3001 έκ
545 2967 651 3004 τουτων
675 2948 815 3002 πολλοὶ”
800 2969 851 3012 aas
877 2943 986 3034 Οόοιλή
1000 2951 1052 3002 τοῦ
1072 2946 1220 3017 Ἅρειανοά.

186 3015 217 3071 οἳ
242 3008 294 3070 οὖν
315 3013 448 3080 Ἀρειανολ
471 3014 508 3086 μή
533 3015 668 3084 φέροντες
687 3015 740 3106 τὴν
765 3008 853 3088 ήττοιν
870 3014 922 3086 τήν
940 3014 989 3070 ὃιά
1006 3021 1221 3075 Κωνσταντίυου

183 3081 214 3140 έν
231 3107 269 3158 τῳ
261 3083 424 3172 ἐἰρημένῳ
444 3087 611 3158 Τετραάισίῳ
629 3082 751 3161 ἐμβόλῳ,
770 3089 887 3158 πλησίον
900 3084 1044 3157 τοῦάγίου
1060 3083 1220 3160 Θεοδώρου,

182 3140 287 3220 ταότας
302 3153 472 3226 κατέχωσαν.
494 3159 528 3210 F.
609 3193 611 3202 t

113 3327 275 3400 praepositi,
305 3336 334 3382 et
358 3329 449 3399 Crispi
474 3328 525 3382 filii
550 3327 733 3396 Constantini,
762 3329 805 3382 cui
827 3329 979 3382 Herodotus
1006 3333 1034 3382 ct
1058 3329 1221 3400 Hippolytus

113 3399 307 3468 chronographi
322 3349 437 3453 tradunt
446 3406 526 3482 cappt
543 3399 625 3452 fuisse
641 3404 801 3468 amputatum
814 3417 830 3452 a
843 3408 920 3469 patra
932 3400 1107 3453 Constantino
1118 3416 1222 3468 magno,

115 3469 186 3538 quod
210 3468 276 3521 falso
299 3469 509 3538 suspicaretur'
501 3485 586 3537 ipsum
609 3469 724 3522 Faustae
741 3485 872 3522 novercae
889 3469 1040 3539 pudicitiam
1057 3468 1222 3552 sollicitasse,

114 3555 183 3608 quae
206 3546 301 3610 postea
323 3539 412 3592 balnei
429 3543 502 3592 aestu
520 3539 652 3591 suffocata
668 3545 719 3591 est.
754 3538 857 3592 Helena
873 3557 938 3593 vero
956 3539 1096 3592 Constant
1076 3539 1124 3591 tsni
1137 3545 1222 3592 mater

54 3605 56 3610 ’
115 3625 205 3748 ερρτη
221 3609 325 3730 lerpbat
332 3608 471 3730 ίηοίαεῳίοι
479 3615 602 3731 1111η1111η
615 3607 829 3730 lilliusbiutvenis,l
854 3609 1011 3732 όὶῳηί1ρ1ριο
1030 3609 1177 3661 Caesaris'
1169 3625 1221 3692 sans

112 3695 436 3817 ttis‘tlttltl'
446 3694 885 3830 1111111111’111
899 3695 1135 3832 9111ίέ1ᾟὲ
1137 3696 1222 3818 ‘tt

114 3832 177 3868 sera
187 3824 331 3899 permotus
350 3817 513 3888 poenitentia
529 3819 648 3886 integros
665 3816 841 3887 quadraginta
858 3817 940 3870 dies'
932 3835 1016 3888 ipsum
1033 3819 1117 3884 luxit,
1144 3825 1221 3870 tanta

114 3884 195 3940 animi
220 3886 384 3956 aegritudine
400 3893 577 3972 utnusquam
594 3905 644 3940 nec
661 3887 765 3940 lavaret
780 3902 876 3956 corpus
893 3889 1028 3942 neclecta
1045 3859 1219 3940 recuffnberet

113 3963 256 4024 praetcrea
282 3961 395 4010 statuam
419 3955 444 4008 ei
466 3957 555 4026 posuit
579 3975 613 4010 ex
638 3961 748 4027 argento
771 3973 838 4026 puro
863 3961 892 4010 et
914 3974 948 4010 ax
969 3963 1051 4040 parte·
1062 3958 1220 4038 1111111111,

113 4030 222 4093 praeter
240 4032 338 4108 caput,
363 4027 439 4113 quod
457 4044 490 4078 ex
512 4043 588 4110 puro
603 4033 668 4111 puto
692 4043 757 4080 auro
779 4027 927 4079 contectum
947 4033 1018 4093 erat,
1043 4022 1175 4093 inscriptis
1192 4022 1221 4073 in

112 4095 203 4146 fronte
220 4094 261 4148 his
278 4091 390 4148 verbis
391 4091 473 4148 tilius
490 4113 562 4148 meus
579 4095 677 4150 iniuria
693 4089 837 4150 affectus?
872 4096 945 4149 hac
937 4097 1020 4166 igitur
1035 4095 1139 4146 ratione
1155 4107 1221 4159 poa-

113 4161 252 4216 nitentian
271 4181 366 4233 agens,
395 4166 471 4218 deum
488 4169 593 4236 quoque
611 4167 699 4220 multis
717 4175 745 4218 et
760 4165 873 4218 assiduis
892 4167 1037 4243 precibus
1030 4163 1099 4214 illius
1115 4161 1222 4228 peccati

112 4231 221 4285 veniam
250 4235 378 4288 exoravit.
418 4235 545 4320 reliquae
561 4241 668 4290 statuae
689 4239 751 4289 sunt
773 4236 883 4303 Severi,
910 4229 1053 4295 Harmodi,
1079 4227 1222 4298 Zeuxippi,

111 4300 255 4372 vigilantii
270 4309 298 4356 et
313 4303 479 4373 Eleutherii,
500 4305 547 4374 qui
564 4307 690 4375 palatium
707 4312 815 4360 senatus
830 4275 959 4358 condidit.
993 4299 1043 4351 laea
1059 4313 1148 4351 omues
1165 4305 1222 4352 sta·
