2826 4640
173 239 225 308 46
516 235 734 304 GEORGIUS
761 234 949 304 CODINUS

276 427 333 504 Εἷς
356 425 390 492 δὲ
410 423 464 490 τὸν
485 421 671 508 καλούμενον
688 427 772 492 Βοῦν
788 421 915 513 κάμινος
931 413 970 508 ἦν
985 423 1187 508 παμμεγέθης
1203 423 1286 489 ἔκτι-

174 529 287 615 σμίνη,
317 529 395 614 βοὸς
421 527 533 612 ἔχουσα
557 527 704 616 κεφαλήν.
754 527 833 594 δ’νθα
856 531 907 594 καί
932 528 961 594 oi
984 537 1149 614 κακοῦργοι
1171 530 1287 610 ἐτιμω-

172 642 301 722 ροῦντο,
327 633 404 698 ὅθεν
431 635 483 697 καὶ
507 633 671 709 Ἰουλιανὸς
694 629 847 724 προφάσει
870 639 932 698 τῶν
955 635 1127 698 καταδίκων
1151 633 1287 710 πολλοὺς

173 739 205 804 ἓν
230 739 308 825 αὐτῇ
334 736 499 804 κατέκαυσε
515 734 732 824 Χριστιανούς.
781 728 819 822 ήν
842 738 875 802 δὲ
899 733 919 820 ἡ
943 735 1070 819 κάμινος
1091 735 1165 817 βοὸς
1189 733 1287 814 τάπος

83 854 156 911 1²26
173 838 467 928 παμμεγεθεστάτου
490 838 667 923 θεάματος,
694 833 730 906 υἷι
751 839 830 906 κατὰ
846 841 975 925 μίμησιν
992 843 1042 906 καὶ
1060 843 1091 905 ἰν
1107 847 1151 928 τῷ
1167 841 1310 930 νεωρίῳ5

171 954 249 1030 βοῦς
267 943 460 1028 άνετυτιιάθη.
511 936 550 1028 ἦν
567 946 600 1010 δὲ
617 941 637 1028 ή
655 943 781 1028 κάμινος
797 945 854 1022 ἕως
873 949 986 1024 mauu,
1012 943 1090 1008 ἀλλά
1108 941 1167 1008 εἰτὸ
1181 941 1286 1030 Ἡρα-

173 1052 273 1116 κλείου
292 1048 446 1134 ἓχωνεάθη
464 1045 545 1136 λόγῳ
564 1045 692 1135 odisee.
744 1051 776 1114 ἐν
793 1050 877 1136 αὐτῷ
895 1050 928 1114 de*
944 1057 987 1136 τῷ
1004 1045 1087 1135 τόκῳ
1105 1051 1155 1112 καὶ
1172 1045 1286 1131 ἁψῖδες

172 1153 279 1238 ὅμοιαι
309 1161 354 1244 τῷ
383 1150 565 1242 ξηρολόφῳ,
598 1151 722 1235 ἔχουσαι
752 1151 915 1238 ἀγάλματα
944 1152 1042 1218 πολλά
1071 1151 1286 1238 καὶ-ἶστορίας

174 1259 305 1334 λιθίνας.

278 1359 325 1426 Tb
338 1355 523 1436 Ἕξακιάνιον
536 1367 681 1444 χερσαίαν
697 1349 736 1442 ήν
752 1367 850 1441 τεῖχος
865 1357 950 1443 παρά
966 1362 1022 1423 τοῦ
1036 1354 1171 1443 μεγάλου
1188 1358 1324 1425 Koa-10
1396 1425 1397 1430 ,

175 1466 333 1532 σταντίνου
356 1464 497 1542 κτισθίν,
523 1460 661 1550 διήρκεσε
686 1464 718 1528 δὲ
735 1461 867 1548 χρόνους
884 1459 932 1544 lbi
949 1461 1038 1546 μέχρι
1056 1468 1111 1546 τῆς
1126 1463 1285 1543 βασιλείας

178 1569 345 1634 Θεοδοσίου
363 1573 418 1632 τοῦ
436 1572 557 1651 μικροῦ.
608 1566 724 1644 ἔξωθεν
742 1567 774 1631 δὲ
788 1570 896 1632 ’ίστατο
915 1567 986 1630 κίιον
1004 1564 1080 1648 ἔχων
1097 1563 1211 1649 στήλην
1227 1570 1286 1630 τοῦ

175 1671 309 1757 μεγάλου
342 1673 590 1750 Κωνσταντίνου,
624 1675 675 1736 καί
701 1668 810 1737 τούτου
831 1668 924 1756 χάριν
948 1670 1065 1753 λέγεται
1087 1666 1284 1746 Ἑξακιάνιον.

171 1779 295 1842 ἵσταντο
321 1777 354 1840 δὲ
371 1777 435 1840 ε’κεΐ
448 1780 557 1858 στῆλαι
574 1776 695 1839 πολλαί.
745 1775 908 1859 συνέτριψε
926 1774 959 1838 δὲ
976 1769 1089 1850 ταύτας
1106 1769 1122 1836 ὃ
1139 1771 1285 1855 βασιλεδς

136 1881 364 1964 ΒΜαυρίκιος.
415 1877 458 1944 ἔτι
482 1879 516 1944 δὲ
540 1881 581 1956 είς
603 1878 675 1956 τοὺς
697 1884 750 1943 νῦν
773 1878 962 1962 σωζομένους
977 1879 1079 1954 κίονας
1092 1879 1233 1942 ἵστανται
1250 1876 1282 1942 oi
1290 1889 1324 1944 15

176 1984 236 2050 ainai
255 1985 389 2063 Κυζίκου
407 1984 556 2050 ἐλθοῦσαι
574 1989 695 2067 στῆλαι.

278 2087 325 2152 Τδ
358 2087 391 2152 δὲ
423 2087 458 2152 τδ
487 2094 541 2152 νῦν
571 2084 732 2173 λεγόμενον
759 2079 959 2171 Τετράτυλον
982 2079 1088 2170 πρώην
1112 2077 1282 2164 ὠνομάζετο

177 2197 210 2254 Τ
208 2189 364 2276 ετριίβιον,
390 2191 440 2252 καί
466 2187 621 2274 διήρκεσεν
647 2190 698 2273 ίτη
725 2187 833 2254 ἑκατὸν
857 2186 1002 2270 ἑξήκοντα
1023 2187 1113 2272 μέχρι
1129 2183 1283 2269 Ζήνωνος.

175 2287 213 2376 ήν
238 2294 271 2358 δὲ
296 2295 389 2357 ε’κεῖσε
414 2295 602 2373 κουβίκλειον
626 2291 727 2358 ἱκάνοι
750 2290 858 2356 κιόνων
879 2287 939 2356 vind
963 2297 1019 2356 τοῦ
1040 2286 1171 2374 μεγάλου
1189 2291 1283 2354 Καιν-

177 2398 334 2462 σταντίνου
358 2396 498 2475 κτισθίν,
525 2396 605 2461 καθ’
630 2394 774 2478 ὁμοίωσιν
790 2400 845 2479 τῆς
856 2391 985 2478 Ῥώμης.
1036 2395 1065 2460 oi
1083 2393 1115 2458 δὲ
1132 2403 1326 2479 συγγενεΐςκο

245 2543 306 2611 lp.
324 2539 463 2594 tonans.
583 2539 672 2595 διά-ν
690 2555 731 2592 om
749 2539 783 2593 C.
903 2538 1060 2600 illudisne.
1081 2535 1283 2611 oididaeoxo'·
1395 2517 1398 2571 Ι

243 2627 321 2679 μενοι
336 2603 512 2693 ,εὑρήσουσιν
537 2603 588 2662 οὐκ
614 2603 741 2730 ιΞλίγυΙΟ
767 2615 795 2660 et
818 2608 886 2663 Bar.
923 2615 927 2622 '
1026 2613 1061 2664 10
1085 2629 1113 2680 p.
1136 2613 1172 2666 20
1196 2612 1281 2664 Band.

245 2675 458 2804 ill²⁰tlll..⁰·
527 2676 776 2814 aehiolhi‘w‘w
793 2678 827 2801 ii
843 2679 1009 2818 ψάλλ’
1023 2682 1061 2804 ά
1079 2679 1281 2806 ⁸⁸⁰⁶·1ltill

245 2814 377 2890 βούκλιον
394 2818 432 2884 C,
452 2835 504 2870 κου
526 2815 652 2871 edituos
670 2818 736 2871 Bau.
848 2818 884 2872 ‘20
895 2814 1012 2885 Ῥώμης.
1030 2817 1078 2871 καὶ
1095 2813 1141 2873 ὅτε
1158 2839 1201 2882 τις
1217 2837 1280 2888 συγ-

244 2883 327 2957 γενής
350 2883 482 2959 βασιλέως
499 2907 517 2954 η
536 2881 622 2946 αὐτὸς
637 2881 782 2951 ἀπέθανε,
808 2883 1019 2956 προελάμβανεν
1036 2883 1054 2954 ή
1071 2885 1216 2958 Λάγοάστα
1232 2887 1280 2944 καλ

246 2953 276 3011 oi
292 2961 430 3026 συγγενεῖς
447 2958 498 3010 τοῦ
516 2957 670 3017 τεθνεῶτος
688 2954 834 3026 βασιλέως,
854 2955 903 3010 καὶ
921 2951 985 3025 tea.
1005 2957 1038 3012 C.

279 3077 311 3129 In
328 3075 386 3128 loco
404 3079 552 3143 nuncupato
570 3076 645 3128 Bove
662 3073 772 3126 maxima
790 3081 849 3128 erat
862 3078 955 3128 fornax
967 3076 1042 3130 bovis
1054 3076 1165 3146 liguram
1176 3095 1281 3147 gerens,

174 3146 202 3198 in
228 3163 281 3214 qua
304 3145 413 3198 malefici
437 3147 625 3214 puniebantur.
661 3161 745 3212 quare
769 3145 846 3198 etiam
867 3147 982 3198 Iulianus
1000 3147 1097 3200 multos
1115 3148 1281 3200 Christianos

174 3215 203 3268 in
229 3233 261 3268 ea
286 3215 437 3268 combussit.
472 3217 584 3282 gerebat
607 3221 694 3267 autem
714 3215 758 3266 illa
775 3216 869 3268 fornax
885 3216 988 3268 maximi
1005 3217 1081 3268 bovis
1098 3217 1222 3283 formam,
1246 3217 1280 3270 ad

175 3283 250 3337 cuius
275 3286 407 3354 exemplar
431 3291 524 3353 postea
547 3285 637 3338 similis
663 3285 712 3336 bos
735 3284 764 3336 in
788 3284 886 3336 Neorio
911 3291 1060 3339 exstructus
1083 3294 1134 3340 est.
1177 3287 1282 3356 integra

176 3364 262 3406 autem
288 3354 434 3424 permansit
456 3355 501 3406 illa
522 3355 617 3406 fornax
640 3369 722 3422 usque
746 3353 780 3405 ad
799 3353 912 3406 Phocum
928 3362 1085 3422 tyrannum,
1110 3356 1157 3426 qui
1175 3357 1281 3410 ultimus

174 3424 285 3477 omnium
310 3425 343 3476 ab
367 3424 490 3477 Heraclio
512 3423 541 3476 in
566 3441 598 3476 eo
622 3427 771 3476 combustus
789 3432 839 3476 est.
872 3424 900 3476 in
917 3425 1009 3477 eodem
1028 3425 1085 3478 loco
1102 3443 1180 3480 arcus
1198 3426 1282 3478 erecti

174 3501 251 3546 crant
276 3493 374 3546 similes
399 3494 452 3546 illis
475 3492 564 3562 quiin
583 3493 735 3564 Xerolopho
752 3501 920 3564 spectantur,
945 3500 972 3546 et
988 3493 1125 3548 continent
1142 3495 1281 3551 simulacre

173 3570 200 3617 et
219 3563 342 3616 historias
363 3564 495 3632 lapidibus
514 3563 667 3632 insculptae.

278 3633 466 3686 Hexacionium
491 3639 549 3684 erat
564 3633 637 3685 locus
655 3649 727 3685 muro
746 3639 837 3701 septus
855 3649 972 3700 auroque
989 3636 1096 3686 ornatus
1115 3649 1131 3685 a
1148 3631 1281 3686 Constan-

173 3702 231 3754 tino
257 3720 365 3772 magnos
402 3701 510 3754 duravit
534 3709 622 3754 autem
646 3719 728 3755 annos
750 3703 785 3756 3⁴).
811 3719 894 3771 usque
918 3702 951 3753 ad
975 3701 1111 3770 imperium
1135 3703 1280 3756 Theodosii

172 3771 291 3824 iunioris.
329 3779 404 3824 extra
420 3789 478 3824 eum
497 3773 587 3825 stabat
603 3773 722 3826 columna
737 3789 794 3824 cum
809 3779 898 3826 statua
911 3771 1080 3824 Constantini
1090 3771 1193 3840 magni,
1210 3773 1280 3825 unde

171 3841 229 3912 ipse
254 3842 327 3894 locus
351 3841 540 3894 Hexacionium
563 3842 707 3911 appellatus
725 3842 784 3894 fuit.
819 3841 914 3894 ibidem
931 3849 959 3894 et
976 3841 1043 3894 eliae
1061 3841 1157 3894 multae
1174 3849 1280 3894 statuae

172 3913 315 3964 collocatae
339 3918 430 3977 erant,
455 3927 519 3980 quas
541 3928 591 3965 una
611 3929 698 3964 omnes
716 3911 845 3980 confregit
861 3911 1015 3964 Mauricius.
1051 3911 1175 3964 columnia
1193 3917 1280 3963 autem

172 3979 307 4103 hlrpeusque
340 3979 447 4051 integre
480 3981 578 4034 relictis
610 3981 751 4052 impositae
785 3987 861 4033 erant
891 3988 996 4034 statuae
1023 3998 1057 4035 ex
1083 3981 1150 4034 urbe
1178 3978 1279 4048 Cyzico

172 4067 187 4102 a
209 4059 278 4104 atae.

276 4119 453 4188 Tetrapylum
476 4119 550 4188 prius
573 4119 747 4181 Quadrivium
772 4119 933 4185 vocabatur,
957 4125 986 4172 et
1002 4118 1110 4172 duravit
1126 4134 1209 4172 annos
1227 4117 1281 4178 160
1399 4131 1400 4180 l

172 4205 256 4310 capue
274 4189 307 4242 ad
324 4188 461 4266 imperium
478 4189 603 4242 Zenonis.
637 4189 733 4242 ibidem
756 4189 903 4242 cubiculum
917 4195 979 4241 erat
994 4189 1118 4246 columnis
1134 4187 1280 4256 suffultum,
1399 4193 1400 4262 l

173 4274 189 4310 a
232 4259 383 4312 costantino
400 4275 493 4328 magno
512 4263 674 4314 emunctam
693 4257 727 4313 ad
744 4258 936 4314 similitudinem
949 4257 1280 4328 illiusquodestRemae.
