<?xml version="1.0" encoding="UTF-8"?>
<!DOCTYPE html PUBLIC "-//W3C//DTD XHTML 1.0 Transitional//EN"
    "http://www.w3.org/TR/xhtml1/DTD/xhtml1-transitional.dtd">
<html xmlns="http://www.w3.org/1999/xhtml" xml:lang="en" lang="en">
 <head>
  <title>
</title>
<meta http-equiv="Content-Type" content="text/html;charset=utf-8" />
  <meta name='ocr-system' content='tesseract 3.04.00' />
  <meta name='ocr-capabilities' content='ocr_page ocr_carea ocr_par ocr_line ocrx_word'/>
</head>
<body>
  <div class='ocr_page' id='page_1' title='image "./excerptadeantiq00codigoog_0162.png"; bbox 0 0 2808 4616; ppageno 0'>
   <div class='ocr_carea' id='block_1_1' title="bbox 527 197 1230 275">
    <p class='ocr_par' dir='ltr' id='par_1_1' title="bbox 527 197 1230 275">
     <span class='ocr_line' id='line_1_1' title="bbox 527 197 1230 275; baseline 0.011 -9"><span class='ocrx_word' id='word_1_1' title='bbox 527 198 587 267; x_wconf 90' lang='lat' dir='ltr'>DE</span> <span class='ocrx_word' id='word_1_2' title='bbox 609 198 646 266; x_wconf 88' lang='lat' dir='ltr'>S.</span> <span class='ocrx_word' id='word_1_3' title='bbox 670 197 836 266; x_wconf 81' lang='lat' dir='ltr'><strong>SOPHIA.</strong></span> <span class='ocrx_word' id='word_1_4' title='bbox 1154 201 1230 275; x_wconf 76' lang='lat'>145</span> 
     </span>
    </p>
   </div>
   <div class='ocr_carea' id='block_1_2' title="bbox 75 383 1269 2336">
    <p class='ocr_par' dir='ltr' id='par_1_2' title="bbox 75 383 1269 2336">
     <span class='ocr_line' id='line_1_2' title="bbox 127 383 1231 476; baseline 0.007 -23"><span class='ocrx_word' id='word_1_5' title='bbox 127 383 207 453; x_wconf 78' lang='grc' dir='ltr'><strong><em>κατά</em></strong></span> <span class='ocrx_word' id='word_1_6' title='bbox 223 388 351 472; x_wconf 90' lang='grc' dir='ltr'><strong><em>μίμησιν</em></strong></span> <span class='ocrx_word' id='word_1_7' title='bbox 365 389 426 452; x_wconf 82' lang='grc' dir='ltr'>τῶν</span> <span class='ocrx_word' id='word_1_8' title='bbox 441 384 599 476; x_wconf 77' lang='grc' dir='ltr'><strong><em>τεσσάρων</em></strong></span> <span class='ocrx_word' id='word_1_9' title='bbox 615 393 761 474; x_wconf 75' lang='grc' dir='ltr'><strong><em>ποταμῶν</em></strong></span> <span class='ocrx_word' id='word_1_10' title='bbox 777 387 911 474; x_wconf 67' lang='grc' dir='ltr'><strong><em>ἐγίνοντο</em></strong></span> <span class='ocrx_word' id='word_1_11' title='bbox 918 434 929 468; x_wconf 92' lang='grc'><strong><em>,</em></strong></span> <span class='ocrx_word' id='word_1_12' title='bbox 953 394 1015 454; x_wconf 82' lang='grc' dir='ltr'>τῶν</span> <span class='ocrx_word' id='word_1_13' title='bbox 1031 389 1231 472; x_wconf 77' lang='grc' dir='ltr'>ἐκβαινόντων</span> 
     </span>
     <span class='ocr_line' id='line_1_3' title="bbox 126 487 1231 578; baseline 0.007 -22"><span class='ocrx_word' id='word_1_14' title='bbox 126 489 187 556; x_wconf 79' lang='grc' dir='ltr'><strong><em>αἰπύ</em></strong></span> <span class='ocrx_word' id='word_1_15' title='bbox 205 497 261 557; x_wconf 80' lang='grc' dir='ltr'>τοῦ</span> <span class='ocrx_word' id='word_1_16' title='bbox 277 492 462 578; x_wconf 77' lang='grc' dir='ltr'><strong><em>παραδείσου</em></strong></span> <span class='ocrx_word' id='word_1_17' title='bbox 480 493 522 568; x_wconf 82' lang='grc' dir='ltr'>είς</span> <span class='ocrx_word' id='word_1_18' title='bbox 538 490 593 575; x_wconf 80' lang='grc' dir='ltr'>τήν</span> <span class='ocrx_word' id='word_1_19' title='bbox 608 490 785 559; x_wconf 81' lang='grc' dir='ltr'><strong><em>θάλασσαν.</em></strong></span> <span class='ocrx_word' id='word_1_20' title='bbox 836 487 885 558; x_wconf 81' lang='grc' dir='ltr'>ὅτε</span> <span class='ocrx_word' id='word_1_21' title='bbox 902 492 937 558; x_wconf 77' lang='grc' dir='ltr'>δὲ</span> <span class='ocrx_word' id='word_1_22' title='bbox 953 489 1069 577; x_wconf 73' lang='grc' dir='ltr'><strong><em>ἴκοεμαυ</em></strong></span> <span class='ocrx_word' id='word_1_23' title='bbox 1085 493 1141 573; x_wconf 81' lang='grc' dir='ltr'>τάς</span> <span class='ocrx_word' id='word_1_24' title='bbox 1154 522 1231 563; x_wconf 82' lang='grc' dir='ltr'><strong><em>σκα·</em></strong></span> 
     </span>
     <span class='ocr_line' id='line_1_4' title="bbox 125 590 1269 687; baseline 0.009 -29"><span class='ocrx_word' id='word_1_25' title='bbox 125 590 233 671; x_wconf 80' lang='grc' dir='ltr'><strong><em>λύσεις</em></strong></span> <span class='ocrx_word' id='word_1_26' title='bbox 256 597 307 660; x_wconf 85' lang='grc' dir='ltr'>καί</span> <span class='ocrx_word' id='word_1_27' title='bbox 332 593 457 678; x_wconf 75' lang='grc' dir='ltr'><strong><em>ἔμελλον</em></strong></span> <span class='ocrx_word' id='word_1_28' title='bbox 480 593 602 682; x_wconf 78' lang='grc' dir='ltr'><strong><em>ίπαρεῖν</em></strong></span> <span class='ocrx_word' id='word_1_29' title='bbox 625 595 699 674; x_wconf 79' lang='grc' dir='ltr'><strong><em>τούς</em></strong></span> <span class='ocrx_word' id='word_1_30' title='bbox 723 591 901 672; x_wconf 81' lang='grc' dir='ltr'><strong><em>άντινάκτας</em></strong></span> <span class='ocrx_word' id='word_1_31' title='bbox 915 603 972 661; x_wconf 75' lang='grc' dir='ltr'>τοῦ</span> <span class='ocrx_word' id='word_1_32' title='bbox 987 594 1138 683; x_wconf 85' lang='grc' dir='ltr'><strong><em>τρούλου,</em></strong></span> <span class='ocrx_word' id='word_1_33' title='bbox 1164 600 1269 687; x_wconf 55' lang='lat' dir='ltr'>isi-⁰</span> 
     </span>
     <span class='ocr_line' id='line_1_5' title="bbox 123 697 1229 788; baseline 0.009 -28"><span class='ocrx_word' id='word_1_34' title='bbox 123 723 217 780; x_wconf 89' lang='grc' dir='ltr'><strong><em>μισαν</em></strong></span> <span class='ocrx_word' id='word_1_35' title='bbox 245 697 306 781; x_wconf 81' lang='grc' dir='ltr'>τὴν</span> <span class='ocrx_word' id='word_1_36' title='bbox 334 699 497 783; x_wconf 76' lang='grc' dir='ltr'><strong><em>ἐκκλησίαν</em></strong></span> <span class='ocrx_word' id='word_1_37' title='bbox 525 698 640 778; x_wconf 65' lang='lat' dir='ltr'>taarog</span> <span class='ocrx_word' id='word_1_38' title='bbox 667 701 724 778; x_wconf 71' lang='grc' dir='ltr'>ἕως</span> <span class='ocrx_word' id='word_1_39' title='bbox 749 705 811 765; x_wconf 81' lang='grc' dir='ltr'>τῶν</span> <span class='ocrx_word' id='word_1_40' title='bbox 833 698 963 786; x_wconf 80' lang='grc' dir='ltr'><strong><em>πρώτων</em></strong></span> <span class='ocrx_word' id='word_1_41' title='bbox 986 702 1229 788; x_wconf 78' lang='grc' dir='ltr'><strong><em>κατηχουμένων,</em></strong></span> 
     </span>
     <span class='ocr_line' id='line_1_6' title="bbox 97 798 1230 890; baseline 0.007 -24"><span class='ocrx_word' id='word_1_42' title='bbox 97 803 174 866; x_wconf 75' lang='grc' dir='ltr'><strong><em>ὁκαὶ</em></strong></span> <span class='ocrx_word' id='word_1_43' title='bbox 198 798 294 878; x_wconf 81' lang='grc' dir='ltr'><strong><em>ούτως</em></strong></span> <span class='ocrx_word' id='word_1_44' title='bbox 316 798 457 890; x_wconf 69' lang='grc' dir='ltr'><strong><em>ἴρριπτον</em></strong></span> <span class='ocrx_word' id='word_1_45' title='bbox 473 802 512 868; x_wconf 79' lang='grc' dir='ltr'>τά</span> <span class='ocrx_word' id='word_1_46' title='bbox 531 800 617 880; x_wconf 85' lang='grc' dir='ltr'><strong><em>ξύλα.</em></strong></span> <span class='ocrx_word' id='word_1_47' title='bbox 668 801 778 870; x_wconf 82' lang='grc' dir='ltr'><strong><em>τούτου</em></strong></span> <span class='ocrx_word' id='word_1_48' title='bbox 796 803 831 868; x_wconf 74' lang='grc' dir='ltr'>δὲ</span> <span class='ocrx_word' id='word_1_49' title='bbox 843 799 936 890; x_wconf 80' lang='grc' dir='ltr'><strong><em>χάριν</em></strong></span> <span class='ocrx_word' id='word_1_50' title='bbox 952 803 1075 890; x_wconf 69' lang='grc' dir='ltr'><strong><em>λέγουσι’</em></strong></span> <span class='ocrx_word' id='word_1_51' title='bbox 1087 831 1165 885; x_wconf 86' lang='grc' dir='ltr'><strong><em>τινες</em></strong></span> <span class='ocrx_word' id='word_1_52' title='bbox 1182 807 1230 874; x_wconf 76' lang='grc' dir='ltr'><strong><em>ὅτι</em></strong></span> 
     </span>
     <span class='ocr_line' id='line_1_7' title="bbox 119 901 1230 992; baseline 0.005 -22"><span class='ocrx_word' id='word_1_53' title='bbox 119 906 170 970; x_wconf 84' lang='grc' dir='ltr'>καί</span> <span class='ocrx_word' id='word_1_54' title='bbox 190 901 383 982; x_wconf 85' lang='grc' dir='ltr'><strong><em>ὃἸουστΐνος</em></strong></span> <span class='ocrx_word' id='word_1_55' title='bbox 400 906 495 990; x_wconf 80' lang='grc' dir='ltr'><strong><em>αὐτήν</em></strong></span> <span class='ocrx_word' id='word_1_56' title='bbox 512 903 634 973; x_wconf 73' lang='grc' dir='ltr'><strong><em>ἔκτισεν.</em></strong></span> <span class='ocrx_word' id='word_1_57' title='bbox 676 907 756 974; x_wconf 67' lang='lat' dir='ltr'>utta</span> <span class='ocrx_word' id='word_1_58' title='bbox 773 901 951 991; x_wconf 74' lang='grc' dir='ltr'><strong><em>ψεύδονται.</em></strong></span> <span class='ocrx_word' id='word_1_59' title='bbox 993 907 1053 992; x_wconf 54' lang='grc' dir='ltr'><strong><em>ἔχει</em></strong></span> <span class='ocrx_word' id='word_1_60' title='bbox 1070 910 1104 976; x_wconf 78' lang='grc' dir='ltr'>δὲ</span> <span class='ocrx_word' id='word_1_61' title='bbox 1119 906 1137 976; x_wconf 85' lang='grc' dir='ltr'><strong><em>ὃ</em></strong></span> <span class='ocrx_word' id='word_1_62' title='bbox 1154 911 1230 989; x_wconf 81' lang='grc' dir='ltr'><strong><em>ναὸς</em></strong></span> 
     </span>
     <span class='ocr_line' id='line_1_8' title="bbox 116 998 623 1098; baseline 0.004 -24"><span class='ocrx_word' id='word_1_63' title='bbox 116 1005 179 1096; x_wconf 66' lang='grc' dir='ltr'>ἀφ’</span> <span class='ocrx_word' id='word_1_64' title='bbox 205 998 242 1074; x_wconf 76' lang='grc' dir='ltr'>οὗ</span> <span class='ocrx_word' id='word_1_65' title='bbox 258 1009 384 1093; x_wconf 72' lang='grc' dir='ltr'><strong><em>ἐκτίσθη</em></strong></span> <span class='ocrx_word' id='word_1_66' title='bbox 398 1008 531 1098; x_wconf 79' lang='grc' dir='ltr'><strong><em>χρόνους</em></strong></span> <span class='ocrx_word' id='word_1_67' title='bbox 546 1009 623 1095; x_wconf 63' lang='lat' dir='ltr'>vrrs.</span> 
     </span>
     <span class='ocr_line' id='line_1_9' title="bbox 223 1109 1228 1202; baseline 0.005 -27"><span class='ocrx_word' id='word_1_68' title='bbox 223 1113 363 1196; x_wconf 79' lang='grc' dir='ltr'><strong><em>Πλησίον</em></strong></span> <span class='ocrx_word' id='word_1_69' title='bbox 390 1115 423 1178; x_wconf 73' lang='grc' dir='ltr'>δὲ</span> <span class='ocrx_word' id='word_1_70' title='bbox 449 1119 505 1178; x_wconf 83' lang='grc' dir='ltr'>τοῦ</span> <span class='ocrx_word' id='word_1_71' title='bbox 526 1121 602 1180; x_wconf 77' lang='grc' dir='ltr'><strong><em>ναοῦ</em></strong></span> <span class='ocrx_word' id='word_1_72' title='bbox 626 1112 749 1197; x_wconf 71' lang='grc' dir='ltr'><strong><em>ἵστησιν</em></strong></span> <span class='ocrx_word' id='word_1_73' title='bbox 770 1109 826 1196; x_wconf 82' lang='grc' dir='ltr'>τήν</span> <span class='ocrx_word' id='word_1_74' title='bbox 849 1109 963 1197; x_wconf 79' lang='grc' dir='ltr'><strong><em>στήλην</em></strong></span> <span class='ocrx_word' id='word_1_75' title='bbox 987 1113 1083 1180; x_wconf 77' lang='grc' dir='ltr'><strong><em>αὐτοῦ</em></strong></span> <span class='ocrx_word' id='word_1_76' title='bbox 1104 1113 1228 1202; x_wconf 79' lang='grc' dir='ltr'><strong><em>εὔχαρι-</em></strong></span> 
     </span>
     <span class='ocr_line' id='line_1_10' title="bbox 118 1205 1227 1304; baseline 0.002 -24"><span class='ocrx_word' id='word_1_77' title='bbox 118 1219 255 1280; x_wconf 83' lang='grc' dir='ltr'><strong><em>στοῦσαν</em></strong></span> <span class='ocrx_word' id='word_1_78' title='bbox 272 1223 316 1303; x_wconf 78' lang='grc' dir='ltr'>τῷ</span> <span class='ocrx_word' id='word_1_79' title='bbox 334 1221 419 1304; x_wconf 78' lang='grc' dir='ltr'><strong><em>θεῷ,</em></strong></span> <span class='ocrx_word' id='word_1_80' title='bbox 444 1219 497 1281; x_wconf 86' lang='grc' dir='ltr'>καί</span> <span class='ocrx_word' id='word_1_81' title='bbox 524 1215 720 1284; x_wconf 71' lang='grc' dir='ltr'><strong><em>δεικνύουσαν</em></strong></span> <span class='ocrx_word' id='word_1_82' title='bbox 735 1225 800 1293; x_wconf 80' lang='grc' dir='ltr'><strong><em>τοῖς</em></strong></span> <span class='ocrx_word' id='word_1_83' title='bbox 817 1205 994 1304; x_wconf 77' lang='grc' dir='ltr'><strong><em>ἀνθρώποις</em></strong></span> <span class='ocrx_word' id='word_1_84' title='bbox 1010 1226 1074 1296; x_wconf 77' lang='grc' dir='ltr'><strong><em>τοῖς</em></strong></span> <span class='ocrx_word' id='word_1_85' title='bbox 1090 1220 1227 1296; x_wconf 85' lang='grc' dir='ltr'><strong><em>πολίταις</em></strong></span> 
     </span>
     <span class='ocr_line' id='line_1_11' title="bbox 77 1314 1227 1408; baseline 0.004 -25"><span class='ocrx_word' id='word_1_86' title='bbox 77 1328 112 1386; x_wconf 88' lang='lat'>10</span> <span class='ocrx_word' id='word_1_87' title='bbox 119 1315 167 1383; x_wconf 82' lang='grc' dir='ltr'><strong><em>ὅτι</em></strong></span> <span class='ocrx_word' id='word_1_88' title='bbox 186 1314 244 1402; x_wconf 73' lang='grc' dir='ltr'><strong><em>ἓγιύ</em></strong></span> <span class='ocrx_word' id='word_1_89' title='bbox 262 1321 323 1401; x_wconf 80' lang='grc' dir='ltr'><strong><em>είμι</em></strong></span> <span class='ocrx_word' id='word_1_90' title='bbox 341 1315 357 1382; x_wconf 82' lang='grc' dir='ltr'><em>ὃ</em></span> <span class='ocrx_word' id='word_1_91' title='bbox 374 1321 515 1406; x_wconf 85' lang='grc' dir='ltr'><strong><em>κτίστωρ.</em></strong></span> <span class='ocrx_word' id='word_1_92' title='bbox 565 1320 619 1388; x_wconf 83' lang='grc' dir='ltr'>τὸν</span> <span class='ocrx_word' id='word_1_93' title='bbox 635 1322 669 1386; x_wconf 74' lang='lat' dir='ltr'>dd</span> <span class='ocrx_word' id='word_1_94' title='bbox 685 1320 841 1406; x_wconf 70' lang='grc' dir='ltr'><strong><em>εἰρημένον</em></strong></span> <span class='ocrx_word' id='word_1_95' title='bbox 852 1325 1015 1407; x_wconf 73' lang='grc' dir='ltr'><strong><em>μαλ’·στωρα</em></strong></span> <span class='ocrx_word' id='word_1_96' title='bbox 1027 1328 1082 1404; x_wconf 83' lang='grc' dir='ltr'>τῆς</span> <span class='ocrx_word' id='word_1_97' title='bbox 1092 1320 1227 1408; x_wconf 77' lang='grc' dir='ltr'><strong><em>μεγάλης</em></strong></span> 
     </span>
     <span class='ocr_line' id='line_1_12' title="bbox 118 1419 1227 1510; baseline 0.005 -24"><span class='ocrx_word' id='word_1_98' title='bbox 118 1423 281 1504; x_wconf 75' lang='grc' dir='ltr'><strong><em>ἐκκλησίας</em></strong></span> <span class='ocrx_word' id='word_1_99' title='bbox 306 1421 359 1486; x_wconf 81' lang='grc' dir='ltr'>τὸν</span> <span class='ocrx_word' id='word_1_100' title='bbox 379 1420 541 1510; x_wconf 84' lang='grc' dir='ltr'><strong><em>Ἷγνάτιον,</em></strong></span> <span class='ocrx_word' id='word_1_101' title='bbox 567 1423 671 1490; x_wconf 77' lang='grc' dir='ltr'><strong><em>διὰτὸ</em></strong></span> <span class='ocrx_word' id='word_1_102' title='bbox 689 1425 872 1509; x_wconf 75' lang='grc' dir='ltr'><strong><em>ἀγαπᾶσθαι</em></strong></span> <span class='ocrx_word' id='word_1_103' title='bbox 889 1423 974 1510; x_wconf 81' lang='grc' dir='ltr'><strong><em>παρὰ</em></strong></span> <span class='ocrx_word' id='word_1_104' title='bbox 993 1419 1115 1489; x_wconf 84' lang='grc' dir='ltr'><strong><em>πάντων</em></strong></span> <span class='ocrx_word' id='word_1_105' title='bbox 1131 1426 1227 1491; x_wconf 69' lang='grc' dir='ltr'><strong><em>ἕνεκεν</em></strong></span> 
     </span>
     <span class='ocr_line' id='line_1_13' title="bbox 117 1518 1225 1615; baseline 0.002 -25"><span class='ocrx_word' id='word_1_106' title='bbox 117 1531 181 1590; x_wconf 81' lang='grc' dir='ltr'>τῶν</span> <span class='ocrx_word' id='word_1_107' title='bbox 204 1529 396 1608; x_wconf 71' lang='grc' dir='ltr'><strong><em>θαυμαστῶν</em></strong></span> <span class='ocrx_word' id='word_1_108' title='bbox 423 1525 519 1612; x_wconf 71' lang='grc' dir='ltr'><strong><em>ἴργων</em></strong></span> <span class='ocrx_word' id='word_1_109' title='bbox 542 1526 637 1593; x_wconf 83' lang='grc' dir='ltr'>αύτοῦ</span> <span class='ocrx_word' id='word_1_110' title='bbox 661 1518 704 1593; x_wconf 76' lang='grc' dir='ltr'>ὧν</span> <span class='ocrx_word' id='word_1_111' title='bbox 727 1527 837 1607; x_wconf 72' lang='grc' dir='ltr'><strong><em>ἐποίει,</em></strong></span> <span class='ocrx_word' id='word_1_112' title='bbox 863 1527 1017 1615; x_wconf 76' lang='grc' dir='ltr'><strong><em>φοβηθείς</em></strong></span> <span class='ocrx_word' id='word_1_113' title='bbox 1041 1522 1057 1591; x_wconf 84' lang='grc' dir='ltr'><em>ὃ</em></span> <span class='ocrx_word' id='word_1_114' title='bbox 1080 1528 1225 1610; x_wconf 80' lang='grc' dir='ltr'><strong><em>βασιλεύς</em></strong></span> 
     </span>
     <span class='ocr_line' id='line_1_14' title="bbox 117 1623 1222 1719; baseline 0.005 -28"><span class='ocrx_word' id='word_1_115' title='bbox 117 1623 164 1710; x_wconf 89' lang='grc' dir='ltr'>μή</span> <span class='ocrx_word' id='word_1_116' title='bbox 188 1653 261 1692; x_wconf 85' lang='grc' dir='ltr'><strong><em>ποτε</em></strong></span> <span class='ocrx_word' id='word_1_117' title='bbox 286 1635 431 1718; x_wconf 78' lang='grc' dir='ltr'><strong><em>φημισθῇ</em></strong></span> <span class='ocrx_word' id='word_1_118' title='bbox 453 1633 505 1696; x_wconf 81' lang='grc' dir='ltr'>καί</span> <span class='ocrx_word' id='word_1_119' title='bbox 527 1627 805 1719; x_wconf 80' lang='grc' dir='ltr'><strong><em>άνειγορευθῇύπὸ</em></strong></span> <span class='ocrx_word' id='word_1_120' title='bbox 824 1637 886 1696; x_wconf 81' lang='grc' dir='ltr'>τῶν</span> <span class='ocrx_word' id='word_1_121' title='bbox 902 1633 1075 1714; x_wconf 82' lang='grc' dir='ltr'><strong><em>δημοτικῶν</em></strong></span> <span class='ocrx_word' id='word_1_122' title='bbox 1093 1627 1148 1697; x_wconf 85' lang='grc' dir='ltr'>δύο</span> <span class='ocrx_word' id='word_1_123' title='bbox 1165 1657 1222 1715; x_wconf 83' lang='grc' dir='ltr'>με·</span> 
     </span>
     <span class='ocr_line' id='line_1_15' title="bbox 118 1730 1263 1817; baseline 0.006 -22"><span class='ocrx_word' id='word_1_124' title='bbox 118 1735 202 1816; x_wconf 85' lang='grc' dir='ltr'><strong><em>ρῶν,</em></strong></span> <span class='ocrx_word' id='word_1_125' title='bbox 226 1730 271 1816; x_wconf 86' lang='grc' dir='ltr'>μὴ</span> <span class='ocrx_word' id='word_1_126' title='bbox 296 1735 399 1799; x_wconf 76' lang='grc' dir='ltr'><strong><em>θέλων</em></strong></span> <span class='ocrx_word' id='word_1_127' title='bbox 422 1734 457 1799; x_wconf 69' lang='lat' dir='ltr'>dd</span> <span class='ocrx_word' id='word_1_128' title='bbox 478 1741 586 1801; x_wconf 81' lang='grc' dir='ltr'><strong><em>τοῦτον</em></strong></span> <span class='ocrx_word' id='word_1_129' title='bbox 610 1735 802 1814; x_wconf 77' lang='grc' dir='ltr'><strong><em>ἀποκτεῖναι,</em></strong></span> <span class='ocrx_word' id='word_1_130' title='bbox 827 1734 936 1811; x_wconf 78' lang='grc' dir='ltr'><strong><em>καθάς</em></strong></span> <span class='ocrx_word' id='word_1_131' title='bbox 951 1735 1057 1800; x_wconf 77' lang='grc' dir='ltr'><strong><em>πολλοὶ</em></strong></span> <span class='ocrx_word' id='word_1_132' title='bbox 1075 1733 1263 1817; x_wconf 65' lang='lat' dir='ltr'>corruet-1&gt;</span> 
     </span>
     <span class='ocr_line' id='line_1_16' title="bbox 75 1835 1225 1926; baseline 0.006 -28"><span class='ocrx_word' id='word_1_133' title='bbox 75 1838 208 1906; x_wconf 80' lang='grc' dir='ltr'><strong><em>15λευου</em></strong></span> <span class='ocrx_word' id='word_1_134' title='bbox 235 1835 339 1926; x_wconf 74' lang='grc' dir='ltr'><strong><em>αύτῷ,</em></strong></span> <span class='ocrx_word' id='word_1_135' title='bbox 364 1837 525 1919; x_wconf 77' lang='grc' dir='ltr'><strong><em>βλέποντες</em></strong></span> <span class='ocrx_word' id='word_1_136' title='bbox 552 1839 644 1905; x_wconf 80' lang='grc' dir='ltr'><strong><em>αὐτὸν</em></strong></span> <span class='ocrx_word' id='word_1_137' title='bbox 670 1839 871 1920; x_wconf 78' lang='grc' dir='ltr'><strong><em>ἀθυμοῦντα,</em></strong></span> <span class='ocrx_word' id='word_1_138' title='bbox 896 1835 1062 1924; x_wconf 82' lang='grc' dir='ltr'><strong><em>συνῄνεσαν</em></strong></span> <span class='ocrx_word' id='word_1_139' title='bbox 1085 1837 1169 1926; x_wconf 79' lang='grc' dir='ltr'><strong><em>αύτῷ</em></strong></span> <span class='ocrx_word' id='word_1_140' title='bbox 1192 1840 1225 1904; x_wconf 72' lang='grc' dir='ltr'>ἐκ</span> 
     </span>
     <span class='ocr_line' id='line_1_17' title="bbox 118 1939 1226 2028; baseline 0.005 -26"><span class='ocrx_word' id='word_1_141' title='bbox 118 1939 262 2025; x_wconf 70' lang='grc' dir='ltr'><strong><em>δευτέρου</em></strong></span> <span class='ocrx_word' id='word_1_142' title='bbox 278 1941 330 2004; x_wconf 73' lang='grc' dir='ltr'>θνα</span> <span class='ocrx_word' id='word_1_143' title='bbox 344 1941 518 2024; x_wconf 72' lang='grc' dir='ltr'><strong><em>κτιζομένης</em></strong></span> <span class='ocrx_word' id='word_1_144' title='bbox 529 1943 605 2028; x_wconf 75' lang='grc' dir='ltr'><strong><em>παρ’</em></strong></span> <span class='ocrx_word' id='word_1_145' title='bbox 622 1942 718 2007; x_wconf 73' lang='grc' dir='ltr'><strong><em>αὐτοῦ</em></strong></span> <span class='ocrx_word' id='word_1_146' title='bbox 730 1949 784 2025; x_wconf 78' lang='grc' dir='ltr'>τῆς</span> <span class='ocrx_word' id='word_1_147' title='bbox 795 1939 908 2025; x_wconf 78' lang='grc' dir='ltr'><strong><em>στήλης</em></strong></span> <span class='ocrx_word' id='word_1_148' title='bbox 919 1947 975 2006; x_wconf 80' lang='grc' dir='ltr'>τοῦ</span> <span class='ocrx_word' id='word_1_149' title='bbox 986 1941 1226 2026; x_wconf 83' lang='grc' dir='ltr'><strong><em>Αύγουστεῶνος</em></strong></span> 
     </span>
     <span class='ocr_line' id='line_1_18' title="bbox 118 2037 1225 2130; baseline 0.007 -26"><span class='ocrx_word' id='word_1_150' title='bbox 118 2037 203 2105; x_wconf 72' lang='grc' dir='ltr'><strong><em>ἰάσει</em></strong></span> <span class='ocrx_word' id='word_1_151' title='bbox 220 2041 314 2108; x_wconf 77' lang='grc' dir='ltr'><strong><em>αὐτὸν</em></strong></span> <span class='ocrx_word' id='word_1_152' title='bbox 331 2045 424 2108; x_wconf 68' lang='lat' dir='ltr'>iarios</span> <span class='ocrx_word' id='word_1_153' title='bbox 441 2045 492 2108; x_wconf 81' lang='grc' dir='ltr'>καί</span> <span class='ocrx_word' id='word_1_154' title='bbox 511 2043 608 2130; x_wconf 85' lang='grc' dir='ltr'><strong><em>άρωσι</em></strong></span> <span class='ocrx_word' id='word_1_155' title='bbox 624 2044 681 2121; x_wconf 82' lang='grc' dir='ltr'>τὰς</span> <span class='ocrx_word' id='word_1_156' title='bbox 696 2041 880 2120; x_wconf 87' lang='grc' dir='ltr'><strong><em>σκαλιάσεις,</em></strong></span> <span class='ocrx_word' id='word_1_157' title='bbox 899 2041 981 2118; x_wconf 79' lang='grc' dir='ltr'><strong><em>ὅπως</em></strong></span> <span class='ocrx_word' id='word_1_158' title='bbox 991 2037 1051 2106; x_wconf 76' lang='lat' dir='ltr'>aiud</span> <span class='ocrx_word' id='word_1_159' title='bbox 1065 2051 1121 2107; x_wconf 79' lang='grc' dir='ltr'>τοῦ</span> <span class='ocrx_word' id='word_1_160' title='bbox 1133 2050 1225 2129; x_wconf 77' lang='grc' dir='ltr'><strong><em>λιμοῦ</em></strong></span> 
     </span>
     <span class='ocr_line' id='line_1_19' title="bbox 117 2141 1224 2233; baseline 0.005 -25"><span class='ocrx_word' id='word_1_161' title='bbox 117 2141 300 2228; x_wconf 88' lang='grc' dir='ltr'><strong><em>τελευτήσει.</em></strong></span> <span class='ocrx_word' id='word_1_162' title='bbox 351 2143 370 2210; x_wconf 78' lang='grc' dir='ltr'>ὃ</span> <span class='ocrx_word' id='word_1_163' title='bbox 393 2147 445 2210; x_wconf 84' lang='grc' dir='ltr'>καί</span> <span class='ocrx_word' id='word_1_164' title='bbox 470 2148 600 2230; x_wconf 71' lang='grc' dir='ltr'><strong><em>ἐποίησε.</em></strong></span> <span class='ocrx_word' id='word_1_165' title='bbox 650 2145 741 2233; x_wconf 78' lang='grc' dir='ltr'><strong><em>γνούς</em></strong></span> <span class='ocrx_word' id='word_1_166' title='bbox 757 2146 857 2210; x_wconf 86' lang='grc' dir='ltr'><strong><em>τοίνυν</em></strong></span> <span class='ocrx_word' id='word_1_167' title='bbox 873 2141 889 2210; x_wconf 83' lang='grc' dir='ltr'><strong><em>ὃ</em></strong></span> <span class='ocrx_word' id='word_1_168' title='bbox 904 2141 1062 2230; x_wconf 82' lang='grc' dir='ltr'><strong><em>Ἰγνάτιος,</em></strong></span> <span class='ocrx_word' id='word_1_169' title='bbox 1086 2146 1163 2228; x_wconf 83' lang='grc' dir='ltr'><strong><em>μετά</em></strong></span> <span class='ocrx_word' id='word_1_170' title='bbox 1188 2145 1224 2214; x_wconf 82' lang='grc' dir='ltr'>τύ</span> 
     </span>
     <span class='ocr_line' id='line_1_20' title="bbox 117 2245 1223 2336; baseline 0.003 -25"><span class='ocrx_word' id='word_1_171' title='bbox 117 2251 275 2313; x_wconf 79' lang='grc' dir='ltr'><strong><em>τελειῶσαι</em></strong></span> <span class='ocrx_word' id='word_1_172' title='bbox 300 2249 352 2312; x_wconf 78' lang='grc' dir='ltr'>καί</span> <span class='ocrx_word' id='word_1_173' title='bbox 379 2254 490 2333; x_wconf 81' lang='grc' dir='ltr'><strong><em>στῆσαι</em></strong></span> <span class='ocrx_word' id='word_1_174' title='bbox 516 2249 573 2334; x_wconf 82' lang='grc' dir='ltr'>τήν</span> <span class='ocrx_word' id='word_1_175' title='bbox 598 2248 729 2336; x_wconf 75' lang='grc' dir='ltr'><strong><em>ἴφιππον</em></strong></span> <span class='ocrx_word' id='word_1_176' title='bbox 755 2245 869 2332; x_wconf 84' lang='grc' dir='ltr'><strong><em>στήλην</em></strong></span> <span class='ocrx_word' id='word_1_177' title='bbox 893 2253 950 2314; x_wconf 81' lang='grc' dir='ltr'>τοῦ</span> <span class='ocrx_word' id='word_1_178' title='bbox 973 2248 1142 2331; x_wconf 68' lang='grc' dir='ltr'><strong><em>βασιλέως,</em></strong></span> <span class='ocrx_word' id='word_1_179' title='bbox 1176 2247 1223 2316; x_wconf 79' lang='grc' dir='ltr'><strong><em>ὅτι</em></strong></span> 
     </span>
    </p>
   </div>
   <div class='ocr_carea' id='block_1_3' title="bbox 73 2341 1223 2750">
    <p class='ocr_par' dir='ltr' id='par_1_3' title="bbox 73 2341 1223 2750">
     <span class='ocr_line' id='line_1_21' title="bbox 73 2341 1223 2439; baseline 0 -20"><span class='ocrx_word' id='word_1_180' title='bbox 73 2347 213 2433; x_wconf 72' lang='grc' dir='ltr'><strong><em>λοείάθη</em></strong></span> <span class='ocrx_word' id='word_1_181' title='bbox 244 2351 353 2430; x_wconf 74' lang='grc' dir='ltr'><strong><em>ἐκεῖσε,</em></strong></span> <span class='ocrx_word' id='word_1_182' title='bbox 379 2349 524 2439; x_wconf 80' lang='grc' dir='ltr'><strong><em>ὠδύρετο.</em></strong></span> <span class='ocrx_word' id='word_1_183' title='bbox 573 2351 669 2436; x_wconf 79' lang='grc' dir='ltr'><strong><em>ὀψίας</em></strong></span> <span class='ocrx_word' id='word_1_184' title='bbox 695 2353 730 2417; x_wconf 69' lang='lat' dir='ltr'>dt</span> <span class='ocrx_word' id='word_1_185' title='bbox 754 2350 816 2436; x_wconf 79' lang='grc' dir='ltr'><strong><em>ήιλη</em></strong></span> <span class='ocrx_word' id='word_1_186' title='bbox 842 2351 1002 2437; x_wconf 71' lang='grc' dir='ltr'><strong><em>γενομένης</em></strong></span> <span class='ocrx_word' id='word_1_187' title='bbox 1026 2341 1094 2438; x_wconf 74' lang='grc' dir='ltr'><strong><em>εὗρε</em></strong></span> <span class='ocrx_word' id='word_1_188' title='bbox 1117 2351 1223 2437; x_wconf 68' lang='grc' dir='ltr'><strong><em>ἐπιτή-</em></strong></span> 
     </span>
     <span class='ocr_line' id='line_1_22' title="bbox 116 2451 1221 2543; baseline 0.004 -25"><span class='ocrx_word' id='word_1_189' title='bbox 116 2455 217 2536; x_wconf 79' lang='grc' dir='ltr'><strong><em>δευμα</em></strong></span> <span class='ocrx_word' id='word_1_190' title='bbox 240 2451 376 2541; x_wconf 81' lang='grc' dir='ltr'><strong><em>άριστον.</em></strong></span> <span class='ocrx_word' id='word_1_191' title='bbox 427 2455 463 2521; x_wconf 82' lang='grc' dir='ltr'>τὸ</span> <span class='ocrx_word' id='word_1_192' title='bbox 487 2456 596 2523; x_wconf 83' lang='grc' dir='ltr'><strong><em>λεπτὸν</em></strong></span> <span class='ocrx_word' id='word_1_193' title='bbox 618 2458 750 2540; x_wconf 83' lang='grc' dir='ltr'><strong><em>σχοινίον</em></strong></span> <span class='ocrx_word' id='word_1_194' title='bbox 773 2454 848 2543; x_wconf 81' lang='grc' dir='ltr'><strong><em>ὅπερ</em></strong></span> <span class='ocrx_word' id='word_1_195' title='bbox 865 2453 941 2538; x_wconf 77' lang='grc' dir='ltr'><strong><em>εἶχεν</em></strong></span> <span class='ocrx_word' id='word_1_196' title='bbox 958 2459 1000 2532; x_wconf 80' lang='grc' dir='ltr'>είς</span> <span class='ocrx_word' id='word_1_197' title='bbox 1016 2455 1050 2520; x_wconf 81' lang='grc' dir='ltr'>τὸ</span> <span class='ocrx_word' id='word_1_198' title='bbox 1068 2458 1221 2543; x_wconf 88' lang='grc' dir='ltr'><strong><em>περσίκιον</em></strong></span> 
     </span>
     <span class='ocr_line' id='line_1_23' title="bbox 116 2555 1221 2646; baseline 0.004 -24"><span class='ocrx_word' id='word_1_199' title='bbox 116 2555 230 2636; x_wconf 73' lang='lat' dir='ltr'>aizoni,</span> <span class='ocrx_word' id='word_1_200' title='bbox 255 2556 290 2623; x_wconf 83' lang='grc' dir='ltr'>τὸ</span> <span class='ocrx_word' id='word_1_201' title='bbox 310 2555 380 2625; x_wconf 80' lang='grc' dir='ltr'><strong><em>ὡσεὶ</em></strong></span> <span class='ocrx_word' id='word_1_202' title='bbox 399 2558 528 2646; x_wconf 78' lang='grc' dir='ltr'><strong><em>ὀργυιῶν</em></strong></span> <span class='ocrx_word' id='word_1_203' title='bbox 544 2559 728 2645; x_wconf 87' lang='grc' dir='ltr'><strong><em>πεντήκοντα</em></strong></span> <span class='ocrx_word' id='word_1_204' title='bbox 744 2559 844 2640; x_wconf 68' lang='grc' dir='ltr'><strong><em>πέντε,</em></strong></span> <span class='ocrx_word' id='word_1_205' title='bbox 868 2558 970 2625; x_wconf 82' lang='grc' dir='ltr'><strong><em>καὶτὸ</em></strong></span> <span class='ocrx_word' id='word_1_206' title='bbox 989 2555 1108 2640; x_wconf 76' lang='grc' dir='ltr'><strong><em>ἱμάτιον</em></strong></span> <span class='ocrx_word' id='word_1_207' title='bbox 1125 2559 1221 2626; x_wconf 77' lang='grc' dir='ltr'><strong><em>αὐτοῦ</em></strong></span> 
     </span>
     <span class='ocr_line' id='line_1_24' title="bbox 115 2657 1219 2750; baseline 0.004 -26"><span class='ocrx_word' id='word_1_208' title='bbox 115 2662 168 2724; x_wconf 78' lang='grc' dir='ltr'>καί</span> <span class='ocrx_word' id='word_1_209' title='bbox 194 2660 229 2724; x_wconf 83' lang='grc' dir='ltr'>τὸ</span> <span class='ocrx_word' id='word_1_210' title='bbox 252 2657 554 2744; x_wconf 82' lang='grc' dir='ltr'><strong><em>ύποκαμισοβράκιον</em></strong></span> <span class='ocrx_word' id='word_1_211' title='bbox 576 2667 627 2728; x_wconf 83' lang='grc' dir='ltr'>καί</span> <span class='ocrx_word' id='word_1_212' title='bbox 649 2663 685 2728; x_wconf 82' lang='grc' dir='ltr'>τὸ</span> <span class='ocrx_word' id='word_1_213' title='bbox 707 2659 905 2750; x_wconf 86' lang='grc' dir='ltr'><strong><em>οφικτούριον</em></strong></span> <span class='ocrx_word' id='word_1_214' title='bbox 927 2662 1030 2728; x_wconf 79' lang='grc' dir='ltr'><strong><em>καὶτὸ</em></strong></span> <span class='ocrx_word' id='word_1_215' title='bbox 1049 2659 1219 2750; x_wconf 85' lang='grc' dir='ltr'><strong><em>φακεύλιον</em></strong></span> 
     </span>
    </p>
   </div>
   <div class='ocr_carea' id='block_1_4' title="bbox 184 2844 623 2924">
    <p class='ocr_par' dir='ltr' id='par_1_4' title="bbox 184 2844 623 2924">
     <span class='ocr_line' id='line_1_25' title="bbox 184 2844 623 2924; baseline 0.009 -17"><span class='ocrx_word' id='word_1_216' title='bbox 184 2854 204 2907; x_wconf 73' lang='lat'><strong>2</strong></span> <span class='ocrx_word' id='word_1_217' title='bbox 220 2844 257 2907; x_wconf 78' lang='grc' dir='ltr'>τά</span> <span class='ocrx_word' id='word_1_218' title='bbox 272 2851 438 2924; x_wconf 80' lang='grc' dir='ltr'><strong><em>οκαλύμοιτα</em></strong></span> <span class='ocrx_word' id='word_1_219' title='bbox 453 2855 513 2911; x_wconf 86' lang='lat' dir='ltr'>cod.</span> <span class='ocrx_word' id='word_1_220' title='bbox 531 2857 623 2911; x_wconf 78' lang='lat' dir='ltr'>Lamb.</span> 
     </span>
    </p>
   </div>
   <div class='ocr_carea' id='block_1_5' title="bbox 111 3023 1220 4278">
    <p class='ocr_par' dir='ltr' id='par_1_5' title="bbox 111 3023 1220 3446">
     <span class='ocr_line' id='line_1_26' title="bbox 113 3023 1220 3098; baseline 0.002 -17"><span class='ocrx_word' id='word_1_221' title='bbox 113 3025 169 3082; x_wconf 84' lang='lat' dir='ltr'>sini</span> <span class='ocrx_word' id='word_1_222' title='bbox 185 3024 280 3078; x_wconf 82' lang='lat' dir='ltr'>coloris</span> <span class='ocrx_word' id='word_1_223' title='bbox 297 3023 375 3079; x_wconf 85' lang='lat' dir='ltr'>fluvii</span> <span class='ocrx_word' id='word_1_224' title='bbox 391 3025 426 3080; x_wconf 91' lang='lat' dir='ltr'>ad</span> <span class='ocrx_word' id='word_1_225' title='bbox 444 3026 616 3080; x_wconf 86' lang='lat' dir='ltr'>imitationem</span> <span class='ocrx_word' id='word_1_226' title='bbox 632 3031 757 3098; x_wconf 82' lang='lat' dir='ltr'>quattuor</span> <span class='ocrx_word' id='word_1_227' title='bbox 771 3023 904 3080; x_wconf 84' lang='lat' dir='ltr'>fluminum</span> <span class='ocrx_word' id='word_1_228' title='bbox 920 3041 953 3080; x_wconf 84' lang='lat' dir='ltr'>ex</span> <span class='ocrx_word' id='word_1_229' title='bbox 969 3027 1091 3097; x_wconf 78' lang='lat' dir='ltr'><strong>paradiso</strong></span> <span class='ocrx_word' id='word_1_230' title='bbox 1105 3027 1134 3082; x_wconf 84' lang='lat' dir='ltr'>in</span> <span class='ocrx_word' id='word_1_231' title='bbox 1147 3045 1220 3084; x_wconf 84' lang='lat' dir='ltr'>mare</span> 
     </span>
     <span class='ocr_line' id='line_1_27' title="bbox 113 3096 1219 3152; baseline 0.002 -2"><span class='ocrx_word' id='word_1_232' title='bbox 113 3096 269 3150; x_wconf 82' lang='lat' dir='ltr'><strong>exeuntium</strong></span> <span class='ocrx_word' id='word_1_233' title='bbox 296 3097 362 3149; x_wconf 85' lang='lat' dir='ltr'>iacti</span> <span class='ocrx_word' id='word_1_234' title='bbox 387 3103 460 3152; x_wconf 84' lang='lat' dir='ltr'>sunt.</span> <span class='ocrx_word' id='word_1_235' title='bbox 495 3115 552 3151; x_wconf 90' lang='lat' dir='ltr'>cum</span> <span class='ocrx_word' id='word_1_236' title='bbox 576 3113 640 3150; x_wconf 80' lang='lat' dir='ltr'>rere</span> <span class='ocrx_word' id='word_1_237' title='bbox 664 3098 748 3150; x_wconf 85' lang='lat' dir='ltr'>scalas</span> <span class='ocrx_word' id='word_1_238' title='bbox 772 3096 984 3150; x_wconf 81' lang='lat' dir='ltr'>conscendissent</span> <span class='ocrx_word' id='word_1_239' title='bbox 1003 3105 1031 3150; x_wconf 89' lang='lat' dir='ltr'>et</span> <span class='ocrx_word' id='word_1_240' title='bbox 1050 3097 1167 3152; x_wconf 76' lang='lat' dir='ltr'>destinas</span> <span class='ocrx_word' id='word_1_241' title='bbox 1186 3100 1219 3152; x_wconf 89' lang='lat' dir='ltr'>ad</span> 
     </span>
     <span class='ocr_line' id='line_1_28' title="bbox 111 3163 1219 3239; baseline 0.004 -20"><span class='ocrx_word' id='word_1_242' title='bbox 111 3167 218 3219; x_wconf 85' lang='lat' dir='ltr'>trullam</span> <span class='ocrx_word' id='word_1_243' title='bbox 243 3163 443 3219; x_wconf 80' lang='lat' dir='ltr'>suffulciendam</span> <span class='ocrx_word' id='word_1_244' title='bbox 466 3167 579 3220; x_wconf 90' lang='lat' dir='ltr'>erecturi</span> <span class='ocrx_word' id='word_1_245' title='bbox 602 3173 705 3234; x_wconf 83' lang='lat' dir='ltr'>essent,</span> <span class='ocrx_word' id='word_1_246' title='bbox 731 3167 866 3220; x_wconf 86' lang='lat' dir='ltr'>ecclesiam</span> <span class='ocrx_word' id='word_1_247' title='bbox 888 3183 957 3235; x_wconf 86' lang='lat' dir='ltr'>aqua</span> <span class='ocrx_word' id='word_1_248' title='bbox 978 3165 1119 3236; x_wconf 83' lang='lat' dir='ltr'>implerunt</span> <span class='ocrx_word' id='word_1_249' title='bbox 1135 3186 1219 3239; x_wconf 87' lang='lat' dir='ltr'>usque</span> 
     </span>
     <span class='ocr_line' id='line_1_29' title="bbox 113 3235 1220 3306; baseline 0.003 -17"><span class='ocrx_word' id='word_1_250' title='bbox 113 3236 150 3290; x_wconf 90' lang='lat' dir='ltr'>ad</span> <span class='ocrx_word' id='word_1_251' title='bbox 174 3235 259 3304; x_wconf 87' lang='lat' dir='ltr'>prima</span> <span class='ocrx_word' id='word_1_252' title='bbox 283 3235 493 3304; x_wconf 85' lang='lat' dir='ltr'>catechumenia,</span> <span class='ocrx_word' id='word_1_253' title='bbox 520 3244 547 3288; x_wconf 90' lang='lat' dir='ltr'>et</span> <span class='ocrx_word' id='word_1_254' title='bbox 569 3237 609 3289; x_wconf 87' lang='lat' dir='ltr'>ita</span> <span class='ocrx_word' id='word_1_255' title='bbox 632 3237 701 3306; x_wconf 79' lang='lat' dir='ltr'>ligna</span> <span class='ocrx_word' id='word_1_256' title='bbox 717 3236 746 3290; x_wconf 90' lang='lat' dir='ltr'>in</span> <span class='ocrx_word' id='word_1_257' title='bbox 763 3251 856 3306; x_wconf 86' lang='lat' dir='ltr'>aquarn</span> <span class='ocrx_word' id='word_1_258' title='bbox 873 3235 1049 3305; x_wconf 87' lang='lat' dir='ltr'>proiecerunt.</span> <span class='ocrx_word' id='word_1_259' title='bbox 1084 3237 1161 3290; x_wconf 91' lang='lat' dir='ltr'>huius</span> <span class='ocrx_word' id='word_1_260' title='bbox 1178 3239 1220 3292; x_wconf 88' lang='lat' dir='ltr'>rei</span> 
     </span>
     <span class='ocr_line' id='line_1_30' title="bbox 113 3303 1218 3377; baseline 0.005 -21"><span class='ocrx_word' id='word_1_261' title='bbox 113 3306 205 3374; x_wconf 81' lang='lat' dir='ltr'>gratia</span> <span class='ocrx_word' id='word_1_262' title='bbox 230 3303 335 3374; x_wconf 89' lang='lat' dir='ltr'>quidam</span> <span class='ocrx_word' id='word_1_263' title='bbox 357 3306 449 3360; x_wconf 89' lang='lat' dir='ltr'>dicunt</span> <span class='ocrx_word' id='word_1_264' title='bbox 471 3307 600 3359; x_wconf 88' lang='lat' dir='ltr'>Iustinum</span> <span class='ocrx_word' id='word_1_265' title='bbox 624 3322 728 3377; x_wconf 88' lang='lat' dir='ltr'>quoque</span> <span class='ocrx_word' id='word_1_266' title='bbox 752 3323 807 3359; x_wconf 84' lang='lat' dir='ltr'>earn</span> <span class='ocrx_word' id='word_1_267' title='bbox 830 3305 993 3358; x_wconf 80' lang='lat' dir='ltr'>condidisse:</span> <span class='ocrx_word' id='word_1_268' title='bbox 1019 3306 1068 3358; x_wconf 88' lang='lat' dir='ltr'>sed</span> <span class='ocrx_word' id='word_1_269' title='bbox 1083 3308 1218 3362; x_wconf 77' lang='lat' dir='ltr'>falluntur.</span> 
     </span>
     <span class='ocr_line' id='line_1_31' title="bbox 114 3373 1100 3446; baseline 0 -18"><span class='ocrx_word' id='word_1_270' title='bbox 114 3380 248 3428; x_wconf 86' lang='lat' dir='ltr'>caeterum</span> <span class='ocrx_word' id='word_1_271' title='bbox 265 3373 317 3427; x_wconf 77' lang='lat'>458</span> <span class='ocrx_word' id='word_1_272' title='bbox 335 3373 412 3442; x_wconf 89' lang='lat' dir='ltr'>anni,</span> <span class='ocrx_word' id='word_1_273' title='bbox 440 3393 473 3429; x_wconf 84' lang='lat' dir='ltr'>ex</span> <span class='ocrx_word' id='word_1_274' title='bbox 490 3393 542 3446; x_wconf 91' lang='lat' dir='ltr'>quo</span> <span class='ocrx_word' id='word_1_275' title='bbox 559 3375 681 3444; x_wconf 85' lang='lat' dir='ltr'>templum</span> <span class='ocrx_word' id='word_1_276' title='bbox 699 3376 828 3428; x_wconf 88' lang='lat' dir='ltr'>conditum</span> <span class='ocrx_word' id='word_1_277' title='bbox 846 3381 903 3441; x_wconf 85' lang='lat' dir='ltr'>est,</span> <span class='ocrx_word' id='word_1_278' title='bbox 929 3375 1012 3444; x_wconf 80' lang='lat' dir='ltr'>elapsi</span> <span class='ocrx_word' id='word_1_279' title='bbox 1029 3381 1100 3429; x_wconf 87' lang='lat' dir='ltr'>sunt.</span> 
     </span>
    </p>

    <p class='ocr_par' dir='ltr' id='par_1_6' title="bbox 112 3445 1220 4278">
     <span class='ocr_line' id='line_1_32' title="bbox 216 3445 1220 3516; baseline 0.003 -20"><span class='ocrx_word' id='word_1_280' title='bbox 216 3445 304 3513; x_wconf 89' lang='lat' dir='ltr'>Prope</span> <span class='ocrx_word' id='word_1_281' title='bbox 326 3446 448 3514; x_wconf 85' lang='lat' dir='ltr'>templum</span> <span class='ocrx_word' id='word_1_282' title='bbox 465 3451 577 3498; x_wconf 85' lang='lat' dir='ltr'>statuam</span> <span class='ocrx_word' id='word_1_283' title='bbox 595 3461 667 3497; x_wconf 87' lang='lat' dir='ltr'>suam</span> <span class='ocrx_word' id='word_1_284' title='bbox 686 3445 841 3511; x_wconf 89' lang='lat' dir='ltr'>collocavit,</span> <span class='ocrx_word' id='word_1_285' title='bbox 866 3462 935 3512; x_wconf 88' lang='lat' dir='ltr'>quae</span> <span class='ocrx_word' id='word_1_286' title='bbox 952 3445 1000 3496; x_wconf 88' lang='lat' dir='ltr'>deo</span> <span class='ocrx_word' id='word_1_287' title='bbox 1019 3446 1119 3512; x_wconf 84' lang='lat' dir='ltr'>gratias</span> <span class='ocrx_word' id='word_1_288' title='bbox 1137 3463 1220 3516; x_wconf 80' lang='lat' dir='ltr'>agens</span> 
     </span>
     <span class='ocr_line' id='line_1_33' title="bbox 114 3511 1219 3586; baseline 0.004 -22"><span class='ocrx_word' id='word_1_289' title='bbox 114 3511 217 3567; x_wconf 86' lang='lat' dir='ltr'>civibus</span> <span class='ocrx_word' id='word_1_290' title='bbox 242 3513 343 3566; x_wconf 90' lang='lat' dir='ltr'>indicat</span> <span class='ocrx_word' id='word_1_291' title='bbox 368 3515 437 3584; x_wconf 90' lang='lat' dir='ltr'>quod</span> <span class='ocrx_word' id='word_1_292' title='bbox 459 3514 517 3584; x_wconf 90' lang='lat' dir='ltr'>ipse</span> <span class='ocrx_word' id='word_1_293' title='bbox 542 3515 610 3567; x_wconf 85' lang='lat' dir='ltr'>tanti</span> <span class='ocrx_word' id='word_1_294' title='bbox 635 3514 722 3583; x_wconf 88' lang='lat' dir='ltr'>operis</span> <span class='ocrx_word' id='word_1_295' title='bbox 746 3515 876 3566; x_wconf 88' lang='lat' dir='ltr'>conditor.</span> <span class='ocrx_word' id='word_1_296' title='bbox 912 3531 968 3566; x_wconf 90' lang='lat' dir='ltr'>cum</span> <span class='ocrx_word' id='word_1_297' title='bbox 986 3531 1050 3566; x_wconf 85' lang='lat' dir='ltr'>vero</span> <span class='ocrx_word' id='word_1_298' title='bbox 1066 3517 1219 3586; x_wconf 82' lang='lat' dir='ltr'>praedictus</span> 
     </span>
     <span class='ocr_line' id='line_1_34' title="bbox 113 3581 1218 3655; baseline 0.002 -21"><span class='ocrx_word' id='word_1_299' title='bbox 113 3581 234 3652; x_wconf 83' lang='lat' dir='ltr'>Ignatius</span> <span class='ocrx_word' id='word_1_300' title='bbox 258 3600 368 3652; x_wconf 81' lang='lat' dir='ltr'>magnae</span> <span class='ocrx_word' id='word_1_301' title='bbox 391 3583 515 3636; x_wconf 85' lang='lat' dir='ltr'>ecclesiae</span> <span class='ocrx_word' id='word_1_302' title='bbox 533 3583 686 3636; x_wconf 87' lang='lat' dir='ltr'>aedificator</span> <span class='ocrx_word' id='word_1_303' title='bbox 701 3591 810 3654; x_wconf 88' lang='lat' dir='ltr'>propter</span> <span class='ocrx_word' id='word_1_304' title='bbox 826 3583 956 3636; x_wconf 85' lang='lat' dir='ltr'>mirabilia</span> <span class='ocrx_word' id='word_1_305' title='bbox 970 3601 1065 3652; x_wconf 85' lang='lat' dir='ltr'>opera,</span> <span class='ocrx_word' id='word_1_306' title='bbox 1092 3602 1160 3655; x_wconf 89' lang='lat' dir='ltr'>quae</span> <span class='ocrx_word' id='word_1_307' title='bbox 1177 3587 1218 3637; x_wconf 82' lang='lat' dir='ltr'>fa·</span> 
     </span>
     <span class='ocr_line' id='line_1_35' title="bbox 113 3651 1219 3724; baseline 0.002 -20"><span class='ocrx_word' id='word_1_308' title='bbox 113 3651 218 3719; x_wconf 82' lang='lat' dir='ltr'>ciebat,</span> <span class='ocrx_word' id='word_1_309' title='bbox 243 3653 277 3705; x_wconf 90' lang='lat' dir='ltr'>ab</span> <span class='ocrx_word' id='word_1_310' title='bbox 295 3653 412 3706; x_wconf 83' lang='lat' dir='ltr'>omnibus</span> <span class='ocrx_word' id='word_1_311' title='bbox 428 3653 598 3723; x_wconf 75' lang='lat' dir='ltr'>diligeretur,</span> <span class='ocrx_word' id='word_1_312' title='bbox 621 3660 739 3706; x_wconf 87' lang='lat' dir='ltr'>metuens</span> <span class='ocrx_word' id='word_1_313' title='bbox 756 3653 895 3724; x_wconf 86' lang='lat' dir='ltr'>imperator</span> <span class='ocrx_word' id='word_1_314' title='bbox 912 3669 945 3703; x_wconf 89' lang='lat' dir='ltr'>ne</span> <span class='ocrx_word' id='word_1_315' title='bbox 963 3653 1065 3722; x_wconf 90' lang='lat' dir='ltr'>quando</span> <span class='ocrx_word' id='word_1_316' title='bbox 1083 3672 1099 3707; x_wconf 86' lang='lat' dir='ltr'>a</span> <span class='ocrx_word' id='word_1_317' title='bbox 1117 3655 1219 3708; x_wconf 85' lang='lat' dir='ltr'>duabus</span> 
     </span>
     <span class='ocr_line' id='line_1_36' title="bbox 112 3722 1219 3792; baseline 0 -18"><span class='ocrx_word' id='word_1_318' title='bbox 112 3722 205 3792; x_wconf 86' lang='lat' dir='ltr'>populi</span> <span class='ocrx_word' id='word_1_319' title='bbox 221 3723 380 3775; x_wconf 78' lang='lat' dir='ltr'>factionibus</span> <span class='ocrx_word' id='word_1_320' title='bbox 397 3723 544 3792; x_wconf 79' lang='lat' dir='ltr'>imperator</span> <span class='ocrx_word' id='word_1_321' title='bbox 555 3723 718 3776; x_wconf 86' lang='lat' dir='ltr'>salutaretur</span> <span class='ocrx_word' id='word_1_322' title='bbox 743 3723 851 3792; x_wconf 89' lang='lat' dir='ltr'>(neque</span> <span class='ocrx_word' id='word_1_323' title='bbox 868 3731 954 3775; x_wconf 90' lang='lat' dir='ltr'>tamen</span> <span class='ocrx_word' id='word_1_324' title='bbox 973 3739 1030 3775; x_wconf 86' lang='lat' dir='ltr'>eum</span> <span class='ocrx_word' id='word_1_325' title='bbox 1047 3723 1156 3777; x_wconf 83' lang='lat' dir='ltr'>volebat</span> <span class='ocrx_word' id='word_1_326' title='bbox 1173 3741 1219 3775; x_wconf 87' lang='grc' dir='ltr'>οο-</span> 
     </span>
     <span class='ocr_line' id='line_1_37' title="bbox 113 3791 1217 3861; baseline -0.001 -17"><span class='ocrx_word' id='word_1_327' title='bbox 113 3791 221 3856; x_wconf 85' lang='lat' dir='ltr'>cidere,</span> <span class='ocrx_word' id='word_1_328' title='bbox 246 3793 313 3845; x_wconf 87' lang='lat' dir='ltr'>sicut</span> <span class='ocrx_word' id='word_1_329' title='bbox 330 3792 405 3844; x_wconf 86' lang='lat' dir='ltr'>multi</span> <span class='ocrx_word' id='word_1_330' title='bbox 420 3792 474 3861; x_wconf 90' lang='lat' dir='ltr'>ipsi</span> <span class='ocrx_word' id='word_1_331' title='bbox 491 3793 568 3846; x_wconf 81' lang='lat' dir='ltr'>anxio</span> <span class='ocrx_word' id='word_1_332' title='bbox 586 3793 766 3860; x_wconf 78' lang='lat' dir='ltr'>suadebant),</span> <span class='ocrx_word' id='word_1_333' title='bbox 792 3798 932 3844; x_wconf 88' lang='lat' dir='ltr'>contentus</span> <span class='ocrx_word' id='word_1_334' title='bbox 948 3792 1000 3845; x_wconf 86' lang='lat' dir='ltr'>suit</span> <span class='ocrx_word' id='word_1_335' title='bbox 1016 3798 1047 3845; x_wconf 93' lang='lat' dir='ltr'>ut</span> <span class='ocrx_word' id='word_1_336' title='bbox 1063 3800 1167 3846; x_wconf 82' lang='lat' dir='ltr'>statuae</span> <span class='ocrx_word' id='word_1_337' title='bbox 1183 3791 1217 3844; x_wconf 85' lang='lat' dir='ltr'>ab</span> 
     </span>
     <span class='ocr_line' id='line_1_38' title="bbox 112 3859 1218 3932; baseline -0.001 -20"><span class='ocrx_word' id='word_1_338' title='bbox 112 3859 173 3930; x_wconf 81' lang='lat' dir='ltr'>ipso</span> <span class='ocrx_word' id='word_1_339' title='bbox 198 3861 226 3912; x_wconf 92' lang='lat' dir='ltr'>in</span> <span class='ocrx_word' id='word_1_340' title='bbox 247 3861 384 3931; x_wconf 80' lang='lat' dir='ltr'>Augustae</span> <span class='ocrx_word' id='word_1_341' title='bbox 407 3869 527 3932; x_wconf 85' lang='lat' dir='ltr'>erectae,</span> <span class='ocrx_word' id='word_1_342' title='bbox 554 3863 633 3916; x_wconf 88' lang='lat' dir='ltr'>scalis</span> <span class='ocrx_word' id='word_1_343' title='bbox 653 3863 765 3928; x_wconf 88' lang='lat' dir='ltr'>ablatis,</span> <span class='ocrx_word' id='word_1_344' title='bbox 790 3861 906 3914; x_wconf 86' lang='lat' dir='ltr'>inclusus</span> <span class='ocrx_word' id='word_1_345' title='bbox 924 3859 1117 3930; x_wconf 82' lang='lat' dir='ltr'>relinqueretur</span> <span class='ocrx_word' id='word_1_346' title='bbox 1135 3868 1163 3914; x_wconf 89' lang='lat' dir='ltr'>et</span> <span class='ocrx_word' id='word_1_347' title='bbox 1178 3861 1218 3912; x_wconf 85' lang='lat' dir='ltr'>ita</span> 
     </span>
     <span class='ocr_line' id='line_1_39' title="bbox 112 3928 1217 4003; baseline -0.004 -19"><span class='ocrx_word' id='word_1_348' title='bbox 112 3930 185 3984; x_wconf 72' lang='lat' dir='ltr'>farne</span> <span class='ocrx_word' id='word_1_349' title='bbox 208 3931 317 4000; x_wconf 88' lang='lat' dir='ltr'>periret.</span> <span class='ocrx_word' id='word_1_350' title='bbox 354 3949 515 4000; x_wconf 84' lang='lat' dir='ltr'>cognoscens</span> <span class='ocrx_word' id='word_1_351' title='bbox 538 3933 628 4002; x_wconf 87' lang='lat' dir='ltr'>itaque</span> <span class='ocrx_word' id='word_1_352' title='bbox 648 3931 784 4003; x_wconf 81' lang='lat' dir='ltr'>ignatius,</span> <span class='ocrx_word' id='word_1_353' title='bbox 810 3949 867 3984; x_wconf 88' lang='lat' dir='ltr'>cum</span> <span class='ocrx_word' id='word_1_354' title='bbox 886 3939 1034 4002; x_wconf 85' lang='lat' dir='ltr'>equestrem</span> <span class='ocrx_word' id='word_1_355' title='bbox 1050 3928 1217 4000; x_wconf 84' lang='lat' dir='ltr'>imperatoris</span> 
     </span>
     <span class='ocr_line' id='line_1_40' title="bbox 114 3997 1218 4072; baseline -0.005 -19"><span class='ocrx_word' id='word_1_356' title='bbox 114 4005 227 4053; x_wconf 81' lang='lat' dir='ltr'>statuam</span> <span class='ocrx_word' id='word_1_357' title='bbox 244 3999 296 4053; x_wconf 85' lang='lat' dir='ltr'>iarn</span> <span class='ocrx_word' id='word_1_358' title='bbox 313 4003 459 4072; x_wconf 86' lang='lat' dir='ltr'>perfectum</span> <span class='ocrx_word' id='word_1_359' title='bbox 477 4003 622 4070; x_wconf 82' lang='lat' dir='ltr'>erexisset,</span> <span class='ocrx_word' id='word_1_360' title='bbox 646 4020 676 4055; x_wconf 87' lang='lat' dir='ltr'>se</span> <span class='ocrx_word' id='word_1_361' title='bbox 690 4001 727 4055; x_wconf 88' lang='lat' dir='ltr'>ibi</span> <span class='ocrx_word' id='word_1_362' title='bbox 744 4002 914 4070; x_wconf 89' lang='lat' dir='ltr'>derelictum,</span> <span class='ocrx_word' id='word_1_363' title='bbox 938 4001 1020 4054; x_wconf 86' lang='lat' dir='ltr'>vicem</span> <span class='ocrx_word' id='word_1_364' title='bbox 1039 4017 1111 4058; x_wconf 84' lang='lat' dir='ltr'>suam</span> <span class='ocrx_word' id='word_1_365' title='bbox 1127 3997 1218 4067; x_wconf 81' lang='lat' dir='ltr'>deplo-</span> 
     </span>
     <span class='ocr_line' id='line_1_41' title="bbox 113 4069 1218 4144; baseline -0.002 -23"><span class='ocrx_word' id='word_1_366' title='bbox 113 4069 202 4121; x_wconf 88' lang='lat' dir='ltr'>rabat.</span> <span class='ocrx_word' id='word_1_367' title='bbox 236 4087 348 4140; x_wconf 81' lang='lat' dir='ltr'>respere</span> <span class='ocrx_word' id='word_1_368' title='bbox 373 4077 460 4125; x_wconf 87' lang='lat' dir='ltr'>autern</span> <span class='ocrx_word' id='word_1_369' title='bbox 484 4072 558 4125; x_wconf 85' lang='lat' dir='ltr'>iacta</span> <span class='ocrx_word' id='word_1_370' title='bbox 579 4071 695 4144; x_wconf 83' lang='lat' dir='ltr'>pruden&#39;s</span> <span class='ocrx_word' id='word_1_371' title='bbox 719 4080 887 4126; x_wconf 86' lang='lat' dir='ltr'>commentum</span> <span class='ocrx_word' id='word_1_372' title='bbox 911 4071 1086 4139; x_wconf 82' lang='lat' dir='ltr'>excogitavit:</span> <span class='ocrx_word' id='word_1_373' title='bbox 1111 4071 1218 4119; x_wconf 84' lang='lat' dir='ltr'>te‘nuem</span> 
     </span>
     <span class='ocr_line' id='line_1_42' title="bbox 113 4135 1218 4214; baseline -0.001 -25"><span class='ocrx_word' id='word_1_374' title='bbox 113 4153 208 4206; x_wconf 87' lang='lat' dir='ltr'>nempe</span> <span class='ocrx_word' id='word_1_375' title='bbox 223 4138 378 4207; x_wconf 87' lang='lat' dir='ltr'>funiculum,</span> <span class='ocrx_word' id='word_1_376' title='bbox 396 4157 473 4210; x_wconf 87' lang='lat' dir='ltr'>quem</span> <span class='ocrx_word' id='word_1_377' title='bbox 490 4140 518 4194; x_wconf 94' lang='lat' dir='ltr'>in</span> <span class='ocrx_word' id='word_1_378' title='bbox 535 4159 583 4195; x_wconf 85' lang='lat' dir='ltr'>suo</span> <span class='ocrx_word' id='word_1_379' title='bbox 601 4142 732 4214; x_wconf 87' lang='lat' dir='ltr'>marsupio</span> <span class='ocrx_word' id='word_1_380' title='bbox 744 4142 874 4210; x_wconf 87' lang='lat' dir='ltr'>habebat,</span> <span class='ocrx_word' id='word_1_381' title='bbox 892 4141 999 4194; x_wconf 85' lang='lat' dir='ltr'>circiter</span> <span class='ocrx_word' id='word_1_382' title='bbox 1010 4141 1043 4190; x_wconf 78' lang='lat'>55</span> <span class='ocrx_word' id='word_1_383' title='bbox 1055 4135 1218 4204; x_wconf 81' lang='lat' dir='ltr'>orgyiaruru,</span> 
     </span>
     <span class='ocr_line' id='line_1_43' title="bbox 114 4204 1219 4278; baseline -0.002 -18"><span class='ocrx_word' id='word_1_384' title='bbox 114 4213 144 4260; x_wconf 88' lang='lat' dir='ltr'>et</span> <span class='ocrx_word' id='word_1_385' title='bbox 168 4205 275 4278; x_wconf 86' lang='lat' dir='ltr'>pallium</span> <span class='ocrx_word' id='word_1_386' title='bbox 300 4215 329 4260; x_wconf 88' lang='lat' dir='ltr'>et</span> <span class='ocrx_word' id='word_1_387' title='bbox 350 4211 529 4264; x_wconf 85' lang='lat' dir='ltr'>subindusiale</span> <span class='ocrx_word' id='word_1_388' title='bbox 553 4217 581 4265; x_wconf 87' lang='lat' dir='ltr'>et</span> <span class='ocrx_word' id='word_1_389' title='bbox 602 4211 756 4267; x_wconf 85' lang='lat' dir='ltr'>interculam</span> <span class='ocrx_word' id='word_1_390' title='bbox 780 4219 808 4266; x_wconf 88' lang='lat' dir='ltr'>et</span> <span class='ocrx_word' id='word_1_391' title='bbox 829 4211 924 4265; x_wconf 79' lang='lat' dir='ltr'>tiaram</span> <span class='ocrx_word' id='word_1_392' title='bbox 943 4223 1016 4262; x_wconf 85' lang='lat' dir='ltr'>auam</span> <span class='ocrx_word' id='word_1_393' title='bbox 1033 4204 1175 4258; x_wconf 81' lang='lat' dir='ltr'>connexuit</span> <span class='ocrx_word' id='word_1_394' title='bbox 1190 4213 1219 4258; x_wconf 87' lang='lat' dir='ltr'>et</span> 
     </span>
    </p>
   </div>
   <div class='ocr_carea' id='block_1_6' title="bbox 157 4275 1010 4359">
    <p class='ocr_par' dir='ltr' id='par_1_7' title="bbox 157 4275 1010 4359">
     <span class='ocr_line' id='line_1_44' title="bbox 157 4275 1010 4359; baseline 0.014 -22"><span class='ocrx_word' id='word_1_395' title='bbox 157 4284 259 4356; x_wconf 68' lang='grc' dir='ltr'><strong><em>θροις.</em></strong></span> <span class='ocrx_word' id='word_1_396' title='bbox 281 4285 346 4338; x_wconf 76' lang='lat' dir='ltr'>eod.</span> <span class='ocrx_word' id='word_1_397' title='bbox 368 4289 402 4340; x_wconf 82' lang='lat' dir='ltr'>da</span> <span class='ocrx_word' id='word_1_398' title='bbox 425 4286 501 4359; x_wconf 69' lang='lat' dir='ltr'>orig.</span> <span class='ocrx_word' id='word_1_399' title='bbox 524 4289 572 4358; x_wconf 80' lang='lat' dir='ltr'>Cp.</span> <span class='ocrx_word' id='word_1_400' title='bbox 968 4275 1010 4338; x_wconf 79' lang='lat'>10</span> 
     </span>
    </p>
   </div>
   <div class='ocr_carea' id='block_1_7' title="bbox 0 0 1408 4616">
    <p class='ocr_par' dir='ltr' id='par_1_8' title="bbox 0 0 1408 4616">
     <span class='ocr_line' id='line_1_45' title="bbox 0 0 1408 4616; baseline 0 3"><span class='ocrx_word' id='word_1_401' title='bbox 0 0 1408 4616; x_wconf 95' lang='lat' dir='ltr'> </span> 
     </span>
    </p>
   </div>
  </div>
 </body>
</html>
