2802 4636
190 255 240 329 74
525 255 742 324 ouonoms
769 257 955 342 oonmns

293 450 358 510 Τοῦ
377 443 411 508 δὲ
432 440 590 526 Ψαμάδου
609 445 648 510 τά
664 442 799 510 παλάτια
815 449 866 511 καὶ
882 447 918 511 τδ
936 454 1131 532 χηροκομεΐον
1149 446 1297 528 ε’κτίσδη-

189 577 248 620 σαν
264 551 315 614 καὶ
332 545 411 612 αὐτά
428 547 512 634 παρὰ
529 555 583 632 τής
600 546 688 635 ἁγίας
700 547 830 634 Ἑλένης.
871 537 994 633 ’ὁμοίως
1010 554 1061 616 καλ
1077 547 1093 615 ὁ
1111 548 1199 634 ἅγιος
1217 547 1296 616 Θεά-

190 660 288 744 δωρος
304 651 343 717 τά
359 653 528 717 Κλαυδίου.

294 757 358 822 Τδν
385 757 418 820 δὲ
444 754 529 840 άχιον
549 755 713 822 Ἰουλιανδν
737 754 890 842 ἀνήγειρεν
915 755 1079 838 Οὐρβίκιος
1102 752 1117 819 ὃ
1141 752 1297 840 παριστά-

189 888 278 946 μενος
295 863 337 937 εἰς
352 860 391 926 τά
409 861 559 944 κτίσματα
575 861 607 937 ἐξ
625 863 740 928 σίκείων
757 859 869 938 ἐξόδων
878 907 888 939 ,
905 861 937 924 ἓν
956 850 982 948 ᾧ
998 861 1049 925 καὶ
1062 851 1140 943 ἦσαν
1154 857 1317 943 άπληκτα5

188 973 249 1032 τῶν
261 963 429 1047 Ῥωμαίων.

293 1072 349 1146 Εἷς
372 1068 407 1132 τὸ
433 1063 619 1149 καλούμενον
640 1063 843 1146 Ἀλωνίτζιον,
869 1065 904 1130 τδ
929 1067 1056 1149 πλησίον
1080 1072 1133 1130 τοῦ
1156 1061 1297 1151 Ταάρου,

190 1167 325 1239 παλάτια
350 1163 430 1256 ἦσαν
452 1181 602 1258 χεροαΐα,
627 1171 711 1260 παρά
738 1178 792 1235 τοῦ
816 1167 950 1254 μεγάλου
974 1172 1205 1235 Κωνοταντίνου
1232 1195 1297 1233 κτι-

192 1278 308 1344 σδίντα
330 1277 407 1362 πρὸς
429 1275 464 1340 τὸ
490 1273 668 1360 άπληκεάειν
684 1276 756 1352 τοὺς
772 1276 953 1361 προκρίτους
971 1279 1031 1340 τῶν
1043 1271 1213 1355 Ῥωμαίων.
1266 1276 1298 1338 ἓν

154 1402 179 1455 D
197 1379 243 1460 οἷς
269 1383 319 1446 καὶ
340 1377 505 1458 Θεοδόσιος
521 1377 537 1444 ὃ
555 1381 665 1464 μίγας,
691 1379 781 1462 πίνης
797 1377 839 1444 ὢν
856 1381 907 1442 καὶ
924 1376 1062 1442 ἀνελθὼν
1080 1379 1111 1442 ἓν
1128 1380 1296 1442 Κωνσταν·
1304 1389 1334 1444 10

191 1482 377 1564 τινουπόλει,
403 1481 463 1561 ἔξω
489 1490 543 1548 τοῦ
567 1485 715 1549 παλατιόυ
742 1480 927 1566 ήπλήκευσεν
953 1485 995 1558 εἷς
1010 1477 1225 1569 τάῬουφίνου
1243 1487 1298 1546 τοῦ

193 1586 402 1670 σκυτοτόμου,
429 1590 471 1663 είς
485 1587 541 1671 τὴν
557 1585 649 1668 βάσιν
666 1592 721 1652 τοῦ
738 1588 837 1662 κίονος
853 1591 909 1650 τοῦ
927 1583 1064 1672 Ταύρου.
1116 1583 1132 1650 ὃ
1153 1587 1187 1650 δὲ
1205 1586 1297 1662 αὐτὸς

188 1691 347 1780 Ῥουφῖνος
370 1690 497 1772 ίσχατος
518 1692 630 1776 ἐγένετο
650 1690 733 1776 παρὰ
755 1691 921 1756 Θεοδοσίου
938 1687 1123 1776 μάηιστρος,
1149 1689 1182 1766 δς
1199 1688 1297 1755 ἔκτισε

191 1797 247 1874 τὰς
268 1791 490 1882 Ῥουφινιανάς.

295 1899 347 1964 Τά
374 1900 407 1964 δὲ
433 1895 592 1983 Μάχηανα
617 1895 633 1962 ὃ
656 1896 752 1982 μίχας
774 1897 1005 1971 Κωνσταντΐνος
1026 1893 1123 1961 ἴκτιοε
1140 1892 1219 1982 λόγῳ
1236 1901 1297 1959 τῶν
1306 1906 1333 1960 15

193 2007 359 2086 βασιλικῶν
383 2005 580 2090 ἕργοδοσίων·
606 1997 722 2086 ἐκλήθη
747 2000 781 2065 δὲ
799 1998 957 2085 Μάηγανα
974 1996 1027 2063 διά
1044 1999 1079 2064 τὸ
1098 1998 1137 2062 τὰ
1153 1996 1298 2084 μάχηανα

193 2105 294 2192 πάσης
318 2113 373 2190 τῆς
397 2107 513 2184 πόλεως
537 2108 587 2172 καὶ
613 2105 669 2182 τὰς
693 2104 864 2188 μηχανικὰς
885 2102 963 2180 ὕλας
985 2105 1078 2169 ἐκεῖσε
1103 2102 1298 2182 ἀποκεῖσθαι,

195 2214 246 2276 καὶ
263 2211 302 2274 τά
318 2211 396 2294 πρὸς
411 2210 466 2292 τήν
483 2211 676 2292 τειχομαχίαν
694 2207 796 2291 σκεάη.

106 2335 178 2392 P39
300 2313 366 2395 Τήν
389 2308 477 2395 άηίαν
500 2313 664 2397 Εὐφημίου
688 2312 743 2392 τὴν
766 2308 982 2397 πανεάφημον,
1008 2309 1063 2394 τὴν
1085 2309 1115 2372 ἓν
1137 2313 1181 2395 τῷ
1204 2307 1299 2373 ἵππο-

194 2417 329 2505 δρομίῳ,
354 2411 370 2479 ὃ
389 2415 482 2492 αὐτὸς
497 2415 591 2499 μέγας
608 2416 837 2490 Κωνσταντΐνος
853 2413 964 2492 ἔκτισε,
983 2411 1139 2498 κοσμήσας
1153 2411 1205 2476 τὸν
1222 2411 1334 2476 univit

196 2521 247 2586 διά
274 2524 456 2595 πολυτελοῦς
478 2517 563 2601 άλης.
613 2516 690 2600 μετὰ
715 2519 749 2582 δὲ
771 2515 844 2601 ομη’
861 2515 912 2600 ίτη
931 2514 946 2581 ὃ
964 2500 1111 2598 μισόδεος
1130 2517 1299 2580 Κωνσταν-

265 2712 470 2784 lp.48Bend.
574 2711 626 2764 τοῦ
643 2706 675 2764 δὲ
697 2713 750 2781 Ψ.]
770 2706 841 2764 otto
858 2711 907 2765 καὶ
924 2708 1049 2766 παλάτιοι
1065 2709 1113 2764 καλ
1130 2706 1162 2763 τὸ
1180 2729 1299 2779 γηροκο-
1381 2654 1387 2759 δ

263 2789 342 2855 μεῖον
367 2778 402 2836 τά
428 2779 469 2844 είς
492 2776 528 2835 τά
554 2779 684 2848 Ψαμαθά
705 2775 723 2849 ἡ
743 2778 809 2848 άηία
823 2776 920 2850 Ἑλένη
938 2777 1093 2852 ἀνήγειρεν.
1129 2775 1234 2847 ὁμοίως
1250 2779 1298 2832 καλ
1387 2817 1388 2839 r

263 2849 315 2908 τδυ
344 2847 426 2923 άηιον
457 2847 605 2921 Θεόδωρον
630 2847 681 2904 τὸν
708 2850 861 2906 Κλαυδίου.
894 2853 927 2905 C.
1045 2852 1062 2903 4
1079 2871 1117 2938 μ.
1144 2850 1180 2904 48
1210 2851 1297 2903 Band.
1387 2850 1388 2865 ¹

265 2924 300 2979 13
327 2919 441 2994 ἔσχατον
467 2923 526 2978 vat.
648 2921 681 2975 15
705 2941 733 2991 p.
751 2922 786 2976 26
810 2920 895 2974 Band.
1017 2919 1051 2976 17
1074 2921 1159 2986 υλας]
1186 2919 1300 3042 βίβλους

264 2997 331 3063 Reg.
360 2992 496 3114 ethioh.
527 2991 628 3059 Glycas
654 3010 681 3060 p.
708 2991 761 3046 468
789 2990 807 3046 8
836 2991 919 3045 Bonn.
1059 2991 1092 3046 19
1116 3009 1144 3060 p.
1161 2989 1197 3044 43
1238 2991 1298 3042 and.

262 3058 373 3130 21υλη’
417 3097 425 3114 .

298 3231 428 3284 Palatium
446 3236 473 3282 et
490 3229 672 3282 Gerooomiunr
691 3231 791 3282 nomine
807 3231 940 3284 littoreum
958 3230 1076 3284 condidit
1093 3231 1183 3284 eodem
1199 3231 1230 3284 S.
1244 3231 1299 3284 He·
1391 3263 1392 3268 =

195 3308 269 3369 λοοκς
293 3303 412 3356 similiter
430 3307 457 3354 et
474 3299 504 3351 S.
521 3299 688 3352 Theodorum
705 3301 914 3369 cognominatum
932 3301 1045 3354 Claudii.

298 3372 438 3436 Urbicius,
462 3369 509 3438 qui
543 3369 641 3422 rueiuit
657 3374 823 3440 structurae,
849 3370 998 3424 aedificavit
1015 3371 1137 3440 templum
1155 3371 1186 3424 S.
1203 3369 1301 3422 Iuliani

196 3440 311 3514 propriis
328 3440 483 3511 sumptibus.
517 3387 614 3492 izidem
631 3444 707 3491 erant
724 3447 812 3494 castre
829 3441 1011 3494 Romanorum.

298 3511 329 3562 In
352 3511 409 3562 looo
432 3515 581 3578 nuncupato
603 3509 748 3578 Alonitzio‚
774 3527 856 3580 propo
873 3509 1005 3579 Taurum,
1030 3508 1154 3580 palatium
1170 3513 1302 3560 terrestre

195 3585 363 3634 exstruxerat
395 3579 584 3632 Constantinus
614 3595 723 3648 magnus
749 3581 782 3632 ad
807 3579 982 3648 recipiendum
1007 3579 1139 3632 Romanos
1164 3595 1302 3662 proceres.

196 3649 359 3704 Theodosius
377 3666 501 3718 magnus,
518 3648 648 3701 tenuioris
665 3649 749 3700 adhuc
766 3651 903 3715 fortunae,
924 3653 954 3700 ut
969 3649 1077 3719 primum
1095 3648 1199 3718 Cpolrm
1213 3649 1301 3714 venit,

196 3719 307 3773 divertit
330 3725 406 3772 extra
431 3721 480 3771 hoo
503 3718 626 3788 palatium
653 3719 687 3771 ad
710 3717 833 3772 Rufinum
855 3725 982 3786 sutorem,
1010 3719 1044 3771 ed
1065 3718 1143 3770 basin
1165 3717 1302 3770 columnae

196 3789 292 3845 Tauri.
327 3788 371 3840 hio
387 3789 499 3840 Rufinus
516 3788 606 3840 ultimo
626 3805 642 3840 α
660 3787 810 3841 Theodosio
827 3788 952 3856 magister
969 3794 1073 3842 creatus
1090 3787 1157 3854 fuit,
1180 3798 1209 3841 et
1226 3787 1302 3840 eodi-

196 3859 289 3914 fioavit
304 3858 418 3910 thermas
434 3857 599 3912 Rufinianas.

300 3928 433 3997 Mangana
461 3943 565 3996 quoque
593 3925 724 3979 exstruxit
751 3926 941 3979 Constantinus
968 3941 1076 3996 magnus
1102 3943 1151 3978 ceu
1178 3924 1302 3976 officinas

196 3998 354 4068 inperialem
389 3998 460 4049 dicte
483 4002 569 4048 autem
591 4001 654 4048 sunt
671 3996 804 4065 Mangonu
818 3997 888 4065 quod
905 3997 958 4048 illio
974 3997 1092 4066 reposita
1110 3999 1196 4048 essent
1212 3995 1303 4046 omnis

195 4071 370 4122 instrumenta
392 4065 487 4118 bellica
508 4071 535 4118 et
551 4066 677 4119 materiae
693 4064 860 4120 mechanicae
877 4071 906 4119 ot
922 4073 1067 4136 apparatus
1084 4064 1250 4119 necessarius
1269 4064 1303 4117 ad

196 4138 372 4210 oppugnando
388 4135 498 4190 moenie.

301 4212 367 4264 Item
384 4204 506 4274 tempium
523 4202 552 4256 S.
570 4202 730 4273 Euphemiae
747 4203 771 4256 in
790 4203 974 4274 Hippodromo·
982 4203 1099 4256 condidit
1111 4205 1305 4257 Constantinus
1391 4237 1392 4264 r

200 4290 323 4347 mugnus,
351 4285 379 4332 et
398 4274 517 4346 pretiose
533 4273 673 4327 exornavit
687 4273 813 4337 meterie3
838 4272 907 4342 quod
924 4279 986 4343 post
1001 4273 1055 4329 448
1071 4291 1154 4328 annos
1171 4274 1308 4330 Constan-
1391 4267 1392 4294 ¹
