2802 4636
139 453 380 620 rara

141 627 390 742 Codrus

146 757 429 864 Contuli&

252 1178 567 1240 EllllNllNTlSSlMO
588 1181 644 1240 ET
665 1177 1011 1242 REVERENDISSIMO
1033 1181 1202 1242 PRINCIPI

172 1326 682 1419 FRANGISGO
743 1329 1277 1461 annonarum

471 1529 504 1594 s.
537 1527 577 1592 R.
610 1529 648 1592 Ε.
683 1527 978 1608 olumnam,

281 1687 428 1744 DOMINO
445 1690 526 1744 MEO
546 1690 679 1746 SUMMA
697 1690 960 1746 OBSERVANTIA
978 1690 1165 1758 connNoQ

376 1830 611 1906 PETRUS
645 1829 991 1904 LAMBECIUS
1029 1830 1066 1902 S.

163 2285 285 2385 Multa
324 2335 410 2404 sunt,
456 2322 713 2390 Eminentissime
749 2323 913 2412 Princeps,
954 2343 1034 2409 quoe
1071 2323 1195 2389 homini
1233 2326 1275 2390 ad

161 2451 372 2513 immortalem
402 2448 535 2530 gloriam
565 2447 736 2540 adspirenti
767 2451 854 2516 viam
884 2451 1051 2537 praebent3
1081 2469 1192 2515 verum
1221 2463 1275 2514 aut

161 2595 213 2636 me
247 2595 336 2638 amor
365 2577 510 2664 propriae
541 2576 699 2666 opinionis
725 2577 823 2656 fallit,
860 2586 915 2638 eut
938 2575 1004 2637 ulle
1027 2595 1085 2638 nec
1110 2575 1272 2640 honestior

161 2721 219 2762 nec
251 2698 505 2788 compendiosior
537 2714 642 2791 potest
675 2701 804 2790 reperiri
835 2721 929 2788 quam
960 2702 1014 2766 vel
1039 2702 1109 2788 ipsa
1134 2697 1269 2763 eruditio

160 2825 212 2885 rel
255 2845 334 2908 quee
379 2824 508 2891 eruditis
551 2828 717 2891 exhibetur
760 2827 979 2894 benevolentia
1018 2837 1051 2922 et
1085 2823 1270 2931 benignitas.

160 2948 270 3010 harum
304 2951 398 3013 altera
431 2953 665 3039 quibuscunque
697 2953 804 3034 egenis
838 2965 870 3016 et
900 2953 1039 3016 obscuris
1066 2919 1176 3011 terrae
1193 2947 1269 3012 filiis

159 3067 200 3132 ad
225 3091 381 3138 summam
406 3075 535 3142 leudem
560 3075 663 3144 aditus
688 3089 790 3166 patet,
829 3075 1004 3141 dummodo
1028 3085 1136 3138 nature
1162 3083 1269 3159 eptam

157 3195 197 3258 iis
229 3217 295 3260 non
326 3197 485 3284 denegarit
513 3201 671 3286 indolem,
703 3225 761 3268 nec
794 3201 856 3292 ipsi
886 3201 1042 3288 profectui
1071 3222 1129 3265 suo
1163 3197 1268 3264 debita

158 3319 335 3405 diligentia,
376 3323 481 3393 famae
521 3342 628 3394 eutem
664 3328 805 3411 legitima
842 3349 906 3390 non
945 3325 1048 3390 desint
1084 3325 1266 3391 ambitione.

156 3448 252 3510 altera
277 3449 342 3512 illis
370 3450 520 3520 duntaxat
544 3453 587 3520 ad
611 3452 828 3518 claritudinem
852 3453 1016 3541 pervenire
1037 3452 1126 3533 licet,
1153 3453 1265 3540 quibus

155 3591 227 3634 eam
263 3577 385 3654 generis
416 3580 575 3668 potentiae
608 3590 640 3644 et
670 3581 866 3643 fortunarum
894 3575 1134 3668 amplitudinem
1160 3575 1266 3658 largiri

155 3695 233 3762 deus
267 3702 383 3784 voluit,
418 3716 453 3768 ut
484 3717 646 3800 protegere
673 3703 754 3770 elios
778 3703 901 3793 possint
927 3715 958 3768 et
983 3711 1163 3768 sustentare.
1213 3699 1264 3763 illi

152 3843 226 3905 ergo
261 3825 322 3892 hos
358 3830 479 3910 colunt,
515 3844 552 3896 ut
575 3829 759 3896 necessariis
783 3827 825 3893 ad
851 3826 954 3893 studio
979 3823 1177 3892 adminiculis
1202 3844 1263 3909 po-

150 3947 281 4013 tiantur:
315 3953 351 4014 hi
387 3965 492 4018 contra
525 3955 601 4022 illos
630 3959 760 4036 fovent,
795 3966 829 4018 ut
851 3955 1063 4019 monumentis
1089 3953 1261 4015 litterarum
1392 3989 1393 4027 l

152 4075 288 4138 nominis
315 4087 347 4140 et
369 4077 492 4144 virtutis
517 4101 593 4145 suae
620 4078 775 4148 memoria
798 4075 883 4166 apud
907 4089 1050 4165 posteros
1074 4076 1260 4153 celebretur3
1391 4081 1392 4106 l

88 4179 107 4218 ⁸
149 4198 193 4260 ita
220 4201 342 4287 utrique
368 4225 426 4291 per
451 4225 486 4268 se
506 4201 682 4288 indigentes
706 4203 796 4270 alteri
816 4205 983 4267 alterorum
1006 4201 1111 4279 vigent
1132 4198 1258 4262 auxilio.
1390 4189 1391 4204 ¹

16 4559 206 4579 -ιι-...ΙιΙιι,.,,Ι..--.,
220 4576 224 4579 .
