2814 4608
184 243 257 314 212
488 241 664 311 MEURSII
689 243 746 307 ΕΤ
772 239 974 308 Lmffluclt

347 417 471 505 μνήμην
492 420 598 486 λοιπόν
619 419 773 486 ἄπαυστον
795 419 828 482 ἒν
849 422 922 504 βίῳ,
948 417 1034 496 ἄναξ,

346 513 406 572 τοῖν
428 511 489 570 σοῖν
509 509 678 589 τροπαίων,
700 503 743 588 μή
764 511 973 586 μαρανθεῖσαν
991 500 1100 589 χρόνῳ,

348 593 451 668 oleove
471 589 568 668 ναοιίς
588 587 698 670 στήλας
717 614 749 653 τε
769 590 822 653 καί
842 595 947 670 τειχαίν
964 590 1075 666 θέσεις,

347 678 378 752 ἐς
396 677 432 741 ἓν
452 675 596 757 συνάψας
616 673 750 759 αἰιριβαίς
772 677 945 753 Βυζαντίου,

346 756 465 845 Ἀίεξίρτ
488 761 607 842 μέδοντο
629 759 911 845 superaspersa]

268 870 299 928 p.
319 850 340 912 3
362 867 391 910 ν.
411 849 441 912 5.
484 843 653 929 Βορβίζης]
681 857 806 908 vocatur
831 841 1022 927 βαρύβυσσος
1048 844 1130 926 apud
1156 843 1289 904 Suidam

183 935 215 992 io
234 927 415 1016 Ἡράκλειος.
457 933 579 992 Menas.

267 1039 299 1098 p.
320 1013 341 1080 4
361 1037 390 1080 r.
410 1019 440 1082 6.
483 1012 581 1098 νήσου
599 1019 656 1098 τῆς
672 1019 730 1078 νῦν
747 1014 960 1096 Κατιηυνίας]
983 1017 1131 1076 Meursius
1151 1015 1186 1072 in
1206 1015 1287 1073 notis

184 1101 224 1162 ad
244 1099 429 1183 Hesychium
449 1123 504 1182 pro
523 1102 709 1186 καταγωνίας
727 1099 777 1160 hic
797 1099 961 1178 legendum
980 1113 1080 1161 censet
1096 1101 1287 1172 Καταανίας.

183 1187 238 1248 sed
257 1187 407 1269 profecto,
432 1190 567 1270 quisquis
589 1187 720 1247 Cornelii
740 1188 878 1265 Nepotis,
902 1187 1091 1246 Constantini
1111 1183 1286 1265 Porphyre-

184 1275 280 1353 geniti
310 1284 341 1332 et
372 1273 488 1354 reliqua
521 1275 558 1332 ab
590 1293 625 1332 eo
656 1275 747 1331 citata
774 1271 1014 1352 geographorum
1041 1275 1109 1332 loca
1134 1273 1285 1350 inspiciet,

183 1361 282 1439 primo
313 1357 529 1418 animadvertet
559 1359 669 1416 intuitu
697 1359 887 1434 Cataoniam,
920 1359 1004 1417 cuius
1030 1357 1074 1416 ibi
1100 1359 1215 1416 mentio
1241 1355 1284 1428 fit,

184 1464 246 1502 non
275 1463 340 1503 esse
366 1445 499 1504 insulam
525 1442 579 1503 sed
607 1445 759 1522 regionem
786 1461 877 1522 supra
903 1443 1041 1502 Ciliciam
1064 1445 1097 1502 in
1121 1443 1285 1501 continenti

183 1530 289 1606 sitam,
311 1547 388 1610 quae
409 1529 502 1587 etiam
521 1549 575 1608 pro
595 1539 680 1608 parte
699 1525 904 1607 Cappadociae
925 1526 1063 1586 habetur.
1106 1547 1179 1586 vera
1195 1529 1286 1606 igitur

182 1613 274 1674 huius
293 1613 354 1672 loci
374 1612 544 1672 emendatio
564 1611 640 1671 haec
661 1623 722 1672 est:
746 1607 808 1674 τίπιί
827 1613 929 1674 Νίσου
942 1609 975 1676 τί
990 1611 1078 1693 γένος
1091 1607 1286 1694 κατάγοντας.

183 1701 272 1758 Nisus
293 1708 394 1757 autem
414 1697 465 1756 hic
484 1700 664 1777 intelligitur
683 1697 847 1756 Pandionis
864 1698 960 1774 filius,
981 1699 1202 1777 Megarensium
1217 1717 1286 1771 rex,

186 1804 204 1842 a
233 1803 293 1866 quc
318 1785 385 1864 ipsa
405 1786 534 1863 Megaris
558 1785 675 1846 Νιοαία
696 1782 889 1842 denominata
910 1785 985 1859 fuit,
1014 1795 1049 1842 ut
1067 1793 1190 1842 testetur
1211 1783 1287 1842 Ste-

185 1867 320 1949 phanus:
352 1871 481 1946 Νισαία,
507 1871 621 1950 inquit,
651 1869 783 1931 ἐπίνειον
804 1871 980 1948 Μεγαρίδος
1000 1867 1052 1931 καὶ
1073 1861 1145 1946 oderi
1165 1864 1188 1946 ή
1210 1871 1287 1929 Με-

184 1955 288 2036 γαρίς,
317 1947 378 2018 oizi
409 1957 509 2018 Νίσου
535 1959 591 2018 τοῦ
618 1955 800 2026 Πανδίονος.
842 1951 912 2012 vide
934 1964 1087 2034 praeterea
1107 1952 1289 2013 Strabonem

184 2041 332 2120 principio
363 2041 433 2100 libri
464 2042 552 2116 noni,
588 2050 619 2098 et
649 2037 829 2098 scholiasten
860 2037 1017 2098 Theocriti
1045 2037 1085 2098 ad
1112 2039 1170 2097 iste
1193 2039 1290 2096 rerba

184 2123 276 2204 Idyll·
300 2129 356 2187 12:
389 2129 514 2189 Νισαῖοι
540 2129 701 2208 Μεγαρεῖς.
744 2125 883 2182 similiter
911 2128 1003 2184 etiam
1031 2122 1225 2203 corrigendus
1257 2133 1289 2182 et

185 2207 344 2266 vertendus
376 2219 421 2266 est
452 2208 637 2288 Hesychius,
673 2207 754 2288 apud
785 2228 876 2288 quem
901 2229 1059 2290 perperam
1085 2212 1198 2289 legitur
1226 2203 1290 2271 οίπιί
1389 2267 1390 2276 ,

184 2287 281 2372 νήσου
312 2288 345 2356 τί
374 2291 462 2373 γένος
489 2291 690 2373 καταίροντας,
723 2293 804 2372 quod
831 2296 978 2378 interpres
1005 2297 1095 2357 vertit
1121 2316 1157 2353 ex
1184 2293 1289 2352 insula

185 2377 336 2436 oriundos.
378 2379 482 2437 haran.
1388 2377 1389 2381 ί

268 2483 300 2542 p.
319 2459 340 2523 4
361 2481 392 2520 v.
413 2465 461 2526 18.
504 2458 608 2541 ιιέρας]
637 2461 754 2522 Plinius
780 2460 846 2526 1.4
874 2485 901 2527 c.
924 2467 964 2529 11
993 2465 1126 2545 appellat
1158 2463 1289 2543 Chryso-

185 2566 283 2624 οιτον,
317 2556 347 2606 et
374 2547 615 2626 promontorium
639 2547 722 2610 facit.
765 2547 872 2608 Strabo
898 2559 928 2610 et
949 2553 1094 2633 Polybius
1113 2551 1219 2610 einum
1241 2547 1289 2607 di·
1386 2557 1387 2575 ¹

186 2643 268 2691 cunt.
310 2634 432 2698 Μιυιιο.

268 2739 300 2799 p.
321 2715 343 2781 4
363 2738 391 2783 v.
413 2719 466 2783 20.
509 2714 698 2801 Κερίεσσαν]
729 2721 771 2779 sic
800 2739 919 2802 quoque
946 2741 964 2778 a
991 2721 1144 2802 Stephano
1164 2729 1288 2781 vocatur
1384 2755 1385 2767 1

184 2803 217 2860 in
238 2798 420 2878 Βυζάντιονε
445 2823 516 2882 ergo
538 2807 651 2884 corrige
671 2807 873 2885 Etymclogici
894 2816 1047 2865 auctorem
1066 2808 1100 2864 in
1121 2801 1287 2880 Βύζαντεςε

186 2883 302 2969 ἐκλήθη
324 2886 356 2953 dd
376 2883 436 2954 α’πί
459 2885 611 2964 Βύζαντος
631 2895 687 2953 τοῦ
708 2889 879 2972 Κεροὲσσης
895 2896 950 2972 τῆς
967 2884 1046 2966 ’loric
1063 2887 1217 2975 θυγατριίς
1235 2889 1288 2954 καί

188 2975 392 3047 Ποσειδῶνος.
433 2974 514 3034 male
536 2973 628 3034 hodie
649 2978 706 3038 rori
727 2971 896 3056 Κρεούσης.
937 2977 1061 3040 Manus.
1381 2985 1382 2988 ’

270 3078 302 3136 p·
324 3058 344 3123 5
365 3079 394 3122 τ.
414 3061 446 3121 6.
487 3061 613 3138 Βυζίης]
644 3069 678 3118 ut
705 3063 781 3120 ratic
808 3065 922 3119 constet
950 3058 1130 3121 derivationi
1152 3059 1287 3118 nominis

186 3139 345 3218 Byzantia,
375 3162 437 3204 non
465 3141 590 3204 dubium
617 3155 663 3203 est
689 3146 763 3225 quin
783 3144 975 3205 scribendum
995 3148 1036 3205 rit
1055 3142 1163 3225 Βύζης.
1207 3147 1288 3222 [non

185 3227 271 3303 peius
298 3221 396 3301 Βιίζας
422 3247 441 3286 a
468 3231 561 3309 Βυζίη
588 3249 680 3309 quam
703 3230 793 3311 κέρας
815 3251 833 3288 a
854 3227 1030 3314 Κερὸεσσα.]
1075 3228 1157 3311 quod
1184 3239 1288 3287 autem

187 3308 270 3368 addit
297 3309 445 3388 Codinus,
477 3316 636 3395 Byzantios
666 3313 705 3372 ad
734 3314 895 3374 colendum
921 3318 1103 3376 memoriam
1126 3312 1287 3394 Nymphae

186 3393 285 3474 Byzae
314 3416 406 3477 aquas
437 3399 501 3458 cius
529 3397 649 3458 haurire
676 3401 779 3460 solitos
806 3402 915 3476 fuisse,
946 3401 980 3460 id
1006 3399 1199 3461 referendum
1221 3419 1287 3458 csse

183 3490 258 3558 puto
278 3479 318 3539 ad
337 3483 492 3562 Borbyzen
512 3485 654 3563 fluvium,
685 3489 737 3567 qui
764 3485 871 3545 itidem
893 3489 1035 3567 Byzantia
1055 3485 1198 3546 educator
1219 3505 1286 3543 cre-

187 3563 267 3625 ditus
286 3567 355 3628 fuit.
396 3571 499 3630 haue.
771 3605 772 3610 κ

269 3672 301 3731 Ρ.
323 3653 343 3715 5
363 3672 392 3719 v.
414 3655 467 3718 22.
510 3650 527 3717 ὅ
547 3653 602 3735 μὲν
619 3645 676 3718 οὖν
691 3650 806 3734 Βήζας]
828 3657 944 3715 factum
959 3653 1019 3716 hcc
1033 3664 1176 3733 regnante
1191 3655 1288 3712 Tullo

184 3735 322 3801 Hostilio.
365 3737 556 3800 Cassiodorus
583 3742 616 3798 in
644 3738 807 3800 Chronico:
845 3743 954 3801 Ίίιίίιιι
973 3742 1129 3800 Hostiliae
1147 3741 1290 3819 regnavit

185 3823 275 3879 απιιίε
295 3822 353 3896 82,
375 3825 429 3900 qui
441 3827 563 3899 primus
582 3826 670 3904 opud
687 3827 842 3886 Romanos
854 3847 996 3907 purpura
1012 3848 1086 3886 usus
1099 3837 1150 3884 est.
1194 3827 1289 3882 Ιιιιίιιε

185 3905 378 4047 tdtpnporiluclp1
388 3907 558 3968 Chalcedon
576 3911 713 3969 conditur
727 3923 756 3970 et
770 3913 969 3992 Byzantium,
990 3931 1069 3993 quoe
1083 3931 1167 3971 ηιιτιο
1184 3910 1276 3988 Cpol'

218 3995 304 4057 εἰσιν.
378 4009 468 4054 nonS.

267 4097 297 4156 P·
318 4077 338 4138 6
358 4095 387 4134 V·
406 4075 439 4138 3·
479 4071 551 4147 τούς
569 4071 626 4158 yde
644 4079 677 4144 ἐν
696 4075 775 4168 crispi
789 4077 941 4163 πόρνους]
965 4079 1134 4160 deceptam
1146 4077 1289 4160 Byzantii
1364 4139 1365 4142 ,

183 4161 314 4220 turribus
342 4158 413 4218 huic
440 4160 507 4216 loco
537 4179 666 4240 congrua
693 4165 762 4224 vide
789 4165 870 4245 apud
895 4165 1023 4226 Suidam
1047 4168 1080 4224 in
1103 4163 1288 4241 Βυζάντιον,

185 4239 369 4322 cedrenum,
392 4255 422 4305 et
442 4247 590 4303 Zonaram
609 4251 720 4311 Annal.
741 4253 762 4317 3
785 4251 818 4318 ¹in
838 4252 934 4312 initio.
976 4253 1100 4314 Menas.
