2802 4636
585 241 832 312 uuotcrrro.
1183 214 1185 219 ’
1213 267 1264 314 vn

157 481 200 524 ex
231 459 271 522 iis
303 467 375 521 sunt
405 475 482 542 quas
515 477 586 520 cum
617 455 762 519 omnibus
795 451 924 519 eruditis
952 475 1135 519 communes
1160 459 1264 522 habeo

158 603 281 661 causas,
327 603 381 646 cur
427 581 502 646 Tibi
544 579 760 670 potissimum,
806 580 1062 644 Eminentissima
1105 581 1265 670 Princeps,

157 705 305 796 quicquid
339 709 401 770 hoc
436 719 468 770 et
498 709 711 793 qualecunque
743 717 791 770 est
822 707 911 788 libri,
946 707 1058 770 merito
1087 725 1123 768 ac
1153 709 1265 770 lubens

157 854 354 897 consecrem:
381 837 508 922 insuper
531 847 608 899 r'ero
634 832 712 895 alias
736 833 851 896 multas
876 833 1022 921 privatim
1045 833 1163 912 habeo,
1189 853 1266 918 quas

157 957 347 1022 domesticas
363 989 364 992 ¹
379 961 536 1047 appellare
566 959 670 1036 lubet3
706 977 820 1042 easque
846 969 932 1020 tanto
958 960 1086 1022 caeteris
1110 957 1268 1038 perimes

156 1083 305 1148 existimo
341 1095 454 1168 quanto
486 1083 705 1148 vehementius
733 1079 913 1169 ἀχαριστίας
939 1084 1056 1146 crimen
1081 1083 1184 1146 subire
1208 1103 1267 1148 ve-

157 1229 237 1272 reor.
288 1209 405 1274 etenim
436 1210 588 1298 repetenti
620 1208 701 1272 mihi
735 1209 922 1273 memoriam
952 1209 1055 1274 omnis
1086 1207 1154 1270 eius
1185 1219 1267 1270 tem-

156 1333 243 1420 poris
269 1331 354 1418 quod
380 1331 555 1398 studiorum
582 1355 674 1398 causa
701 1336 817 1398 exteris
841 1333 1020 1416 regionibus
1045 1329 1269 1420 perlustrandis

157 1457 315 1546 impendi,
347 1458 406 1524 vix
436 1461 520 1522 ullus
552 1460 685 1524 occurrit
715 1459 783 1524 dies
810 1459 864 1546 qui
891 1458 1039 1540 singulari
1064 1458 1169 1542 aliquo
1196 1455 1267 1519 Tuo

158 1583 192 1646 in
217 1605 270 1646 me
296 1585 409 1646 collato
433 1586 585 1648 beneficio
610 1608 675 1648 non
699 1586 741 1648 sit
764 1584 922 1648 notabilis.
972 1581 1191 1648 advenientem
1215 1603 1268 1646 me

158 1709 295 1796 primum
320 1708 475 1772 Lutetiam
499 1711 725 1774 humanissime
750 1731 808 1797 per
835 1731 890 1773 eos
913 1709 967 1794 qui
988 1721 1056 1772 tum
1076 1711 1169 1772 rebus
1190 1707 1269 1772 Tuis

159 1832 288 1914 agendis
320 1834 367 1897 ibi
398 1846 559 1920 praeerant
592 1837 696 1921 excipi
732 1833 854 1898 curasti.
905 1855 984 1896 mox
1014 1834 1083 1919 ipse
1116 1832 1269 1914 Lugduno

158 1979 304 2025 reversus
329 1957 515 2044 participem
538 1979 591 2020 me
616 1959 721 2021 fecisti
745 1978 888 2037 mensae,
917 1955 1072 2020 admisisti
1093 1957 1174 2020 inter
1195 1959 1271 2020 inti-

159 2102 249 2160 m0s3
283 2093 315 2142 et
338 2093 373 2143 ut
398 2083 507 2168 paucis
534 2083 641 2146 omnia
665 2083 869 2166 complectar,
900 2093 986 2144 tanto
1013 2103 1065 2144 me
1088 2093 1270 2169 prosecutus

162 2227 197 2268 es
230 2205 344 2266 affectu
378 2217 412 2267 ut
441 2205 595 2268 maiorem
627 2207 666 2267 ab
698 2207 853 2269 avunculo
884 2227 950 2268 non
982 2205 1156 2292 potuissem
1185 2205 1270 2269 desi-

160 2328 278 2394 derare.
330 2327 463 2392 eandem
481 2329 733 2396 benevolentiam
751 2327 874 2394 Romae
893 2342 1003 2418 postea
1023 2341 1170 2417 expertus
1190 2353 1271 2410 sum,

160 2455 215 2518 ubi
244 2454 400 2536 integrum
432 2454 595 2518 biennium
627 2455 661 2518 in
692 2457 764 2517 aula
796 2453 866 2518 Tua
898 2455 1104 2519 commoranti
1129 2456 1209 2518 mihi
1234 2476 1271 2519 ea

159 2577 291 2646 videndi
324 2582 424 2642 multa
458 2592 491 2643 et
524 2579 667 2644 discendi
697 2581 760 2645 fuit
793 2581 934 2661 occasio,
974 2591 1009 2644 ut
1041 2602 1116 2647 vera
1147 2579 1272 2662 gloriari

160 2705 281 2794 possim
306 2708 378 2794 plus
403 2727 457 2770 ma
479 2706 513 2769 iu
537 2709 609 2771 luce
632 2707 687 2770 illa
710 2719 743 2770 et
763 2707 893 2795 strepitu
915 2705 1016 2770 aulico
1037 2727 1131 2792 quam
1150 2707 1185 2769 in
1203 2709 1271 2770 ullo

160 2830 348 2896 Academiae
372 2853 498 2896 recessu
522 2844 554 2896 et
573 2833 684 2896 umbra
704 2833 886 2922 profecisse.
936 2853 1079 2898 reversus
1101 2829 1217 2895 deinde
1238 2832 1272 2894 in

163 2955 301 3022 Galliam
337 2955 521 3022 incredibile
560 2969 736 3022 memoratu
771 2970 819 3022 est
852 2969 999 3045 quantam
1034 2978 1076 3021 ex
1110 2977 1272 3019 commen-

163 3081 290 3146 datione
322 3080 391 3145 Tua
423 3104 495 3147 cum
526 3083 596 3147 aliis
626 3084 734 3148 multis
765 3080 845 3146 locis
875 3084 1042 3146 utilitatem
1068 3082 1271 3170 perceperim,

162 3219 230 3270 tum
257 3228 334 3273 vero
359 3207 502 3298 inprimis
531 3207 682 3290 Tolosae,
708 3208 795 3275 cuius
815 3207 901 3272 urbis
920 3207 1149 3272 illustrissimus
1168 3207 1271 3271 archi-

163 3331 329 3420 episcopus
362 3329 426 3395 Dn.
460 3330 589 3397 Carolus
620 3333 661 3398 de
685 3333 863 3413 Montchal,
900 3332 950 3398 vir
980 3334 1151 3398 sanctitatis
1176 3335 1272 3398 simul

163 3468 196 3520 et
219 3454 403 3544 prudentiae
428 3469 460 3520 et
485 3458 668 3524 eruditionis
688 3459 879 3537 rarissimae,
908 3458 1072 3522 continuos
1091 3471 1162 3524 octo
1181 3480 1272 3523 men-

163 3603 215 3646 ses
245 3583 280 3644 in
315 3583 432 3669 palatio
465 3605 522 3648 suo
555 3588 626 3674 plus
660 3605 754 3672 quam
778 3597 907 3674 paterna
930 3583 1117 3647 liberalitate
1143 3597 1176 3647 et
1200 3605 1272 3648 cura

163 3727 216 3770 me
248 3707 402 3774 tractavit.
451 3710 541 3796 plura
573 3711 641 3774 eius
669 3709 790 3792 generis
815 3707 931 3774 addere
955 3708 1178 3775 inconveniens
1204 3728 1273 3772 esse

164 3828 258 3895 credo
299 3843 332 3896 et
369 3833 577 3921 superfluum,
616 3847 685 3899 tum
719 3833 803 3921 quod
835 3835 905 3922 ipsa
937 3835 1016 3896 haec
1048 3834 1272 3897 beneficiorum

163 3957 357 4020 enumeratio
389 3959 497 4024 nescio
529 3957 606 4045 quid
635 3958 780 4026 videatur
810 3961 925 4022 habere
956 3959 1092 4023 levitatis
1126 3969 1157 4019 et
1186 3977 1273 4019 arro·

162 4083 301 4162 gantiae,
338 4095 406 4147 tum
438 4085 510 4169 quia
543 4087 598 4151 vel
629 4105 671 4149 ex
699 4084 832 4148 minimo
859 4104 968 4147 eorum
995 4103 1073 4167 quae
1098 4081 1163 4141 iam
1191 4077 1273 4140 dicta

161 4219 233 4269 sunt
265 4209 341 4272 satis
374 4230 527 4297 superque
560 4211 686 4288 elucet,
714 4219 826 4295 quanta
860 4205 1059 4287 obligationis
1088 4202 1272 4264 necessitate
