2814 4608
190 215 264 287 222
497 205 674 276 MEURSII
698 207 756 274 ET
780 203 985 274 immacu

270 415 302 478 p.
325 393 365 458 15
385 409 414 452 v.
438 389 488 455 11.
530 387 550 454 δ
582 387 778 472 πορφυροῦς]
813 385 903 448 huius
934 407 1101 470 purpureae
1132 389 1298 452 columnae

185 485 300 544 mentio
334 478 447 559 passim
480 472 561 555 apud
594 485 730 535 auctores
759 493 862 533 rerum
887 477 1127 556 Byzanticsrmn.
1171 486 1202 535 et
1230 490 1299 538 erat

187 572 261 629 alias
292 583 412 649 quoque
442 561 551 622 talium
576 581 659 620 usus.
702 559 896 640 corrigendus
924 579 997 621 vero
1023 581 1079 642 per
1105 563 1299 624 occasionem

186 665 233 715 est
253 652 395 714 Sidonius
416 649 476 714 Lo
498 667 544 726 ap.
559 653 594 714 2:
621 667 675 705 neo
690 645 777 724 pilea
796 658 868 704 runt
887 643 1026 718 Mediae,
1047 647 1103 706 aed
1122 648 1298 723 columnae,

186 761 263 822 quae
292 735 447 798 architecti
467 733 623 811 peritiores
650 732 852 806 aecbflcrbmm
872 751 1045 812 purpureae
1066 753 1293 814 nuncupavere.

185 824 277 886 hodie
298 822 398 883 editur
414 837 580 899 purpuras.
621 819 743 882 Munus.

269 947 301 1008 p.
324 923 364 990 15
385 943 415 984 r.
440 921 490 989 12.
533 913 585 998 ἔφ’
606 911 700 1004 σδπερ
722 921 840 1002 δδρνται
865 921 1111 998 severantia]
1137 919 1293 983 Cedrenus

184 1015 318 1072 Zonaras
348 1019 378 1068 et
406 1007 468 1067 elii.
512 1015 596 1065 erant
622 1025 693 1068 vero
722 1008 773 1066 isti
801 1005 990 1066 constantini
1015 1015 1131 1065 statuae
1158 1008 1295 1090 inscripti

185 1109 327 1182 quattuor
347 1091 382 1154 hi
401 1111 515 1164 versus,

348 1175 386 1243 σδ
410 1173 520 1258 Χριστὲ
540 1171 657 1258 κόσμον
679 1175 823 1258 κοίρανος
842 1173 894 1239 καὶ
915 1167 1072 1254 δεσπότης,

350 1263 398 1328 toi
420 1267 481 1328 νῦν
501 1263 636 1344 προσῆξα
657 1253 769 1345 τήνγε
790 1257 848 1340 coia
870 1253 986 1340 δοάλην
1005 1255 1098 1323 πάλιν

349 1349 401 1414 καλ
424 1351 560 1430 σκῆπτρα
580 1345 651 1411 τάδε
670 1345 722 1410 καὶ
743 1341 778 1410 co*
796 1349 851 1427 τῆς
869 1338 982 1426 Ῥώμης
999 1341 1120 1450 κράτος.

351 1427 483 1514 φάλαινα
503 1426 632 1513 ταύτην,
655 1429 728 1508 cciii
749 1425 779 1494 τ’
799 1430 832 1496 ἔκ
852 1425 952 1512 πάσης
973 1431 1100 1512 βλαβης.

185 1531 305 1583 exstent
326 1518 408 1602 apud
428 1517 609 1580 cedrenum.
653 1520 773 1579 Μιαιιε.

268 1644 300 1704 p.
323 1623 363 1686 15
384 1642 411 1682 v.
434 1621 485 1686 13.
528 1625 618 1684 τοῦτο
638 1625 714 1702 γοῦν
735 1617 769 1686 ιδ
791 1616 925 1702 άγαλμα]
948 1638 1039 1678 omne
1058 1615 1115 1678 hoc
1136 1616 1221 1699 quod
1242 1639 1293 1679 se-

185 1710 288 1792 quitur
317 1727 414 1790 usque
442 1711 497 1786 τῆς
524 1699 646 1788 πράτης
675 1701 843 1788 ἑβδομάδος
869 1705 901 1762 iu
929 1703 1081 1764 codicibus
1101 1706 1167 1764 Vat.
1190 1703 1290 1764 deest.

183 1795 285 1856 Lm.
328 1791 413 1854 deest
433 1803 463 1852 et
482 1787 646 1872 Hesychio.
809 1823 814 1828 ·

267 1917 298 1978 p.
320 1895 360 1962 15
381 1915 410 1958 v.
433 1896 484 1959 18.
525 1888 664 1958 saraia
694 1889 760 1968 ἔτος
789 1883 941 1974 άγοάσης]
973 1891 1106 1952 Zonaras
1125 1891 1235 1955 Annsl.
1256 1893 1292 1956 3.

183 1983 304 2043 Msoas.
1386 2001 1387 2012 ι

268 2103 298 2163 p.
321 2082 361 2145 15
382 2103 410 2144 v.
431 2082 483 2148 20.
525 2084 581 2145 coi
614 2073 771 2156 istoscine]
809 2077 943 2136 acontiae
976 2087 1121 2139 vocantur
1154 2088 1291 2139 cometae

183 2168 383 2312 ηρηὲἱιοαδ
410 2163 502 2228 modo
529 2166 684 2243 feruntur,
717 2162 755 2224 de
785 2163 894 2246 quibus
921 2161 993 2223 vids
1019 2164 1156 2224 Plinium
1183 2169 1205 2230 2
1239 2165 1289 2232 25.

184 2436 249 2498 α..
266 2349 409 2499 biit
429 2351 1292 2518 iiiiii?iiiiiini⁰⁰iti⁰⁸01ffltt

183 2533 289 2586 suum.
314 2523 435 2581 Munus.
477 2515 674 2602 neccessarie
699 2521 805 2579 Graeci
826 2533 935 2581 vocant
955 2521 1032 2581 diem
1050 2522 1173 2582 Veneris
1193 2523 1292 2582 insti·

181 2617 247 2668 tuto
275 2608 308 2669 S.
337 2606 498 2688 Sylvestri,
530 2607 595 2666 eius
624 2607 754 2666 nominis
784 2607 874 2686 primi
901 2607 1048 2687 pontificis
1073 2607 1221 2684 Romani,
1253 2610 1293 2668 in

182 2694 268 2756 cuias
298 2693 372 2752 actis
398 2690 474 2752 haec
499 2693 656 2772 leguntur:
684 2687 768 2772 παρά
787 2687 845 2774 γάρ
866 2687 1066 2773 τοϊςἝλληαι
1084 2697 1143 2757 τῶν
1164 2692 1292 2779 ripaticis

178 2771 682 2950 ibiiiiiiitiiiiti
694 2773 1292 2946 biiifflb'iiiiiiffl‘bi'i
1384 2833 1385 2910 t

181 2955 238 3032 τῆς
259 2889 397 3030 Σελτιβνης
417 2907 534 3034 ημὲραδι
554 2888 679 3023 καλάιας
699 2946 854 3032 δευτέραν,
886 2943 944 3030 τὴν
965 2947 999 3012 δδ
1018 2953 1075 3014 τοῦ
1093 2910 1204 3037 ”adesos
1224 2953 1289 3034 τρλ-
1384 2925 1385 2932 ¹

182 3057 256 3138 την,
285 3029 344 3115 την
373 3031 407 3097 dd
433 3037 491 3098 rosi
514 3033 627 3116 Ἑρμοῦ
651 3027 793 3116 τετράδα,
823 3031 881 3114 την
909 3031 943 3097 δὲ
967 3039 1022 3098 τοῦ
1043 3031 1120 3110 Διδς
1140 3035 1289 3118 πέμπτην,

181 3141 239 3199 την
261 3115 294 3182 dd
314 3122 369 3200 τῆς
387 3111 568 3201 Ἀφροδλτης
587 3113 799 3202 παρασκευήν,
825 3115 882 3201 τὴν
902 3117 936 3183 δὲ
952 3123 1010 3182 τοῦ
1031 3117 1157 3205 Κρόνον
1178 3121 1212 3186 ia
1231 3125 1288 3202 τῆς

182 3207 313 3278 παλαιοῖς
344 3199 498 3286 διαθήκης
527 3199 689 3285 σάββατον.
732 3201 788 3285 την
813 3201 847 3268 δὲ
875 3209 931 3268 cod
956 3203 1075 3282 Ἡλίου,
1104 3199 1156 3270 οἷα
1183 3203 1221 3287 δὴ
1247 3212 1289 3292 τῇ

182 3289 344 3374 δεσποτικῇ
365 3279 526 3352 άναστάσει
545 3287 790 3370 κεκοσμημένην,
819 3285 969 3374 καριακήν
989 3284 1140 3372 ω’νόμασε.
1183 3293 1287 3352 usas.
1383 3309 1384 3356 t

265 3394 295 3454 p.
316 3373 357 3438 15
377 3393 405 3436 ν.
425 3377 476 3438 12.
519 3378 575 3455 τῆς
588 3371 707 3458 πράτης
721 3371 905 3457 ἑβδομάδος]
927 3373 1176 3458 quadragesimae
1190 3379 1289 3458 septi-

181 3475 286 3519 manas
306 3479 433 3520 numero
454 3479 509 3520 suo
528 3459 769 3541 distinguebant,
791 3459 990 3544 dicebantque
1005 3459 1158 3545 ἡπρώτη,
1177 3461 1290 3545 ἡδον-

180 3540 264 3624 τέρα,
288 3563 384 3626 usque
405 3543 444 3604 ad
464 3547 639 3626 septimam,
659 3565 751 3628 qnam
770 3543 827 3628 τὴν
847 3541 980 3630 μεγάλην
998 3550 1204 3630 appellabant.
1249 3548 1289 3609 de

180 3630 280 3711 prima
298 3632 417 3691 Nicetes
436 3651 467 3712 p.
487 3631 551 3696 301
580 3633 621 3697 19
650 3643 680 3693 et
708 3633 772 3697 702
798 3635 840 3702 11
871 3643 902 3693 ct
920 3636 1037 3715 primae
1056 3633 1147 3696 huius
1167 3632 1290 3696 hebdo-

179 3713 278 3775 madis
299 3718 431 3798 quinque
452 3715 557 3779 diebus
577 3729 663 3779 erant
681 3720 848 3800 pervigilia.
889 3722 1018 3781 loannes
1036 3722 1195 3803 episcopus
1212 3721 1290 3781 citri

178 3801 212 3859 in
233 3821 310 3883 resp.
332 3801 372 3862 ed
392 3803 576 3864 Oebasilam:
608 3805 797 3868 αἱτοιαῦται
818 3801 852 3869 δὲ
871 3806 1053 3888 παννυχίδες
1072 3808 1209 3890 γίνονται
1229 3803 1290 3887 μὲν

179 3884 233 3950 καλ
259 3885 293 3951 δν
319 3883 421 3962 ἄλλοις
446 3895 578 3972 καιροῖς,
609 3888 763 3972 ἐξαιρέτοις
784 3887 818 3954 dd
837 3889 870 3954 tv
889 3898 956 3966 ταῖς
975 3890 1064 3955 πέντε
1083 3890 1212 3976 ημὲραις
1231 3895 1290 3972 τοῖς

180 3967 302 4055 πράτης
336 3968 505 4053 ἑβδομάδος
538 3977 603 4037 τοῖν
636 3979 790 4056 νηστειάν.
839 3986 958 4035 sextam
990 3979 1130 4038 nominat
1162 3980 1288 4038 Nicetes

179 4072 212 4131 Ρ.
238 4059 302 4123 753
338 4059 388 4123 12.
431 4066 463 4114 at
492 4059 666 4136 septimam,
700 4071 735 4119 ut
766 4059 846 4135 dixi,
882 4058 939 4141 την
966 4059 1099 4144 μεγάλην
1126 4065 1287 4123 vocabant.

179 4137 282 4220 itaque
310 4140 392 4224 apud
420 4137 502 4200 hunc
527 4153 664 4203 nostrum
690 4147 768 4205 libro
794 4144 832 4204 de
858 4146 970 4207 Officiis
991 4149 1080 4206 aulae
1100 4149 1149 4208 ΟΡ
1171 4150 1289 4228 legitur

179 4210 349 4292 άκολονθλα
367 4230 422 4309 τῆς
441 4218 571 4309 μεγάλης
590 4225 764 4310 ἑβδομάδος.
807 4229 888 4311 apud
906 4233 1107 4314 Etymologici
1128 4245 1288 4296 auctorem
