2808 4616
367 184 536 255 anavus
562 181 770 251 suranus.
798 181 1049 252 onnouoon.
1186 189 1260 260 189
1345 267 1349 276 .

152 376 250 466 γάλου
276 374 475 457 ἐκτίσθησαν,
501 373 553 437 καὶ
575 368 596 456 ri
619 369 763 456 λεγομένη
783 373 924 438 Φοῦσσα.
974 377 1084 458 στῆλαι
1102 377 1135 442 δὲ
1151 379 1262 444 πολλοὶ

155 475 246 548 oriona
267 482 298 546 έν
314 481 581 552 Κοινοταντιαναΐς
598 476 739 542 ἀνέπεσαν
757 474 839 553 ἀξιαι
856 473 1031 558 θαύματος.

254 582 292 650 ‘0
316 581 433 668 ἀγωγὸς
454 579 515 647 ἀπὸ
544 577 716 658 Οὐάλεντος
738 586 794 645 τοῦ
811 580 968 668 Ἀρειανοῦ
984 582 1127 665 ἐκτίσθη,
1151 582 1299 662 καθολςΕ

155 685 266 777 γράφει
292 685 468 772 Θεόδωρος,
494 681 515 768 ἦ
537 685 682 768 βασιλική
706 683 861 772 κινστέρνη
878 681 938 750 ἀπὸ
957 686 1189 758 Κωνσταντίνου
1207 695 1263 754 τοῦ

130 791 299 878 5μεγάλου.
350 787 371 874 ή
399 791 433 854 (li
451 794 554 874 χαλκῆ
571 785 666 872 στήλη
683 783 704 872 ή
722 789 753 852 ἓν
771 795 809 875 τῇ
825 795 970 877 βασιλικῇ
988 789 1143 878 κινστέρνη
1160 799 1262 876 καθη-

154 897 228 980 μένη
263 895 431 960 Θεοδοσίου
462 899 518 959 τοῦ
541 890 676 978 μεγάλου
703 893 793 958 έστίν.
843 890 863 976 ή
891 892 986 977 στήλη
1011 892 1031 978 ή
1056 892 1185 960 ἀπισθεν
1208 903 1299 980 τήςΡ
1317 908 1369 968 104

153 995 368 1086 Μαγναάρας,
394 997 474 1062 κατὰ
500 995 534 1062 τὸ
559 995 738 1062 ἀνατολικὸν
753 996 847 1084 μέρος
862 1004 917 1063 τοῦ
930 995 1082 1064 Ἡλιακοῦ
1096 996 1261 1087 μετεώρου,

157 1107 254 1168 ‘Durati
280 1103 361 1182 ἔστί,
387 1101 465 1166 καθ’
493 1099 531 1184 ἣν
555 1101 586 1164 ἐν
610 1107 655 1188 τῷ
679 1097 802 1189 ἑβδόμῳ
828 1100 885 1166 έτει
908 1109 963 1186 τῆς
986 1105 1144 1185 βασιλείας
1167 1105 1262 1170 αάτοῦ

153 1207 291 1290 σπουδήν
317 1205 433 1288 πολλὴν
455 1206 524 1289 περὶ
547 1209 603 1267 τοῦ
627 1205 765 1270 ἀνελθεῖν
782 1205 963 1282 ἐπεδείξατο.
1014 1207 1149 1292 μοναχός
1166 1209 1203 1273 (λέ
1217 1234 1263 1286 τις

109 1313 188 1380 Ιοὲκ
222 1317 277 1394 τῆς
306 1317 362 1374 τοῦ
389 1306 474 1373 ὁσίου
504 1304 668 1395 Θεοδώρου
694 1316 750 1381 τοῦ
775 1308 935 1392 λεγομένου
962 1308 1122 1375 Συκειάτου
1149 1319 1261 1396 μονῆς·

152 1411 231 1479 κατὰ
257 1412 368 1478 ταύτὸν
394 1411 453 1499 γάρ
479 1413 529 1476 καλ
555 1409 571 1476 ὃ
596 1407 749 1496 μακάριος
774 1409 935 1498 Θεόδωρος
951 1404 988 1494 ήν
1005 1414 1036 1476 έν
1053 1423 1119 1489 ταῖς
1135 1411 1263 1500 ἡμέραις

151 1523 207 1582 rori
225 1515 321 1582 αὐτοῦ
340 1521 452 1594 Φωκά,
472 1517 519 1580 ἐπὶ
541 1515 642 1598 Θωμά
655 1521 711 1580 τοῦ
723 1515 791 1580 νέου
805 1513 995 1602 πατριάρχου
1010 1518 1260 1583 Κωνσταντινου-

152 1617 285 1699 πόλεως,
313 1618 347 1696 ὃς
371 1623 421 1686 καὶ
445 1616 586 1703 σύνθεμα
609 1621 749 1704 ἐποίησε,
775 1619 991 1706 παρακαλέσας
1007 1620 1060 1685 τὸν
1078 1617 1161 1686 ὅσιον
1181 1619 1260 1686 Θεά-

153 1725 252 1812 ιλωρον
269 1727 360 1789 εἶπεῖν
376 1730 420 1813 τῷ
440 1727 537 1814 Φωκήι
553 1721 737 1790 παύσασθαι
755 1723 788 1788 έκ
805 1731 865 1789 τῶν
879 1723 1013 1807 ἀκαίρων
1026 1721 1144 1810 φόνων·
1171 1723 1189 1789 b
1206 1727 1255 1790 καλ
1273 1741 1296 1793 Β

109 1817 284 1912 λοποιήσας
309 1825 325 1892 ὁ
353 1827 436 1904 ὅσιος
458 1826 584 1914 παρῄνει
607 1835 650 1914 τῷ
672 1834 798 1912 βασιλεῖ
814 1826 858 1911 μὴ
882 1825 1099 1911 ἀπανθρώπως
1118 1835 1261 1914 χρῆσθαι

151 1942 215 2010 τοῖς
237 1929 393 2014 ὑπηκόοις.
446 1928 463 1996 ὃ
490 1933 524 1995 δέ
545 1932 691 2012 βασιλεὺς
713 1930 807 2016 ᾔτησε
831 1942 954 2013 σημεῖον
971 1932 1056 2017 παρὰ
1074 1937 1129 1996 τοῦ
1145 1931 1261 2018 πατρὸς

153 2039 195 2110 εἲς
219 2034 313 2099 αὐτὸν
334 2035 476 2119 γενέσθαι
496 2033 548 2097 tab
566 2034 621 2116 τήν
637 2032 796 2120 ποδάγραν
802 2081 812 2112 ,
839 2037 888 2097 καὶ
906 2031 1090 2099 παύσασθαι
1106 2041 1166 2100 τῶν
1182 2041 1259 2100 πολ-

153 2143 214 2202 λῶν
238 2135 350 2224 φόνων.
403 2136 565 2220 εὐξαμένου
584 2139 618 2204 δέ
634 2145 689 2203 τοῦ
706 2134 791 2202 ὁσίου
808 2134 926 2222 έρράθη
944 2143 998 2220 τῆς
1014 2136 1117 2204 νόσου.
1168 2137 1261 2216 αὐτὸς

153 2241 187 2304 δὲ
203 2241 284 2306 ὀὐδὲ
309 2238 406 2318 οὕτως
428 2239 582 2306 ἐπαύσατο
600 2241 793 2305 ἀποκτείνων.
844 2237 860 2305 ὃ
879 2241 913 2304 δὲ
929 2243 1145 2327 προειρημένος
1160 2267 1258 2324 μονα-

108 2343 207 2427 λθχιλς
232 2341 390 2430 έθάρρησέ
412 2370 470 2408 τινι
495 2347 563 2430 περὶ
588 2349 644 2407 τοῦ
671 2346 767 2408 (Dori
780 2338 839 2408 *tu
861 2342 939 2427 μετά
956 2344 1009 2408 τὸν
1026 2344 1258 2431 καιρόντοῦτον

150 2450 238 2536 δεινῷ
254 2445 381 2535 θανάτῳ
398 2445 544 2532 θνήσκει,
570 2445 612 2516 έτι
630 2453 872 2534 φιλοσοφοῦντος
888 2449 1017 2534 Σεργίου
1033 2453 1089 2514 τοῦ
1103 2448 1182 2531 μετά
1199 2449 1250 2515 τὸν
1268 2467 1291 2519 c

148 2552 215 2618 νέον
244 2551 362 2635 Θωμᾶν
385 2548 659 2635 έπεοκοπήσαντος·
687 2551 780 2627 αὐτὸς
804 2549 863 2638 γάρ
887 2554 938 2616 καὶ
955 2558 1000 2639 τῷ
1014 2559 1141 2642 μοναχῷ
1157 2551 1255 2637 ἒθάρ-

151 2679 252 2741 ρηοεν.
303 2653 422 2741 έρχεται
446 2647 500 2720 οὖν
523 2661 614 2718 τοῦτο
632 2655 663 2718 ἐν
679 2664 743 2733 τοϊς
760 2653 815 2720 cici
832 2661 888 2719 τοῦ
902 2655 1054 2736 βασιλέως
1073 2660 1186 2737 mona,
1212 2657 1255 2722 ἔτι

149 2887 238 2952 fossa,
263 2888 295 2938 ut
310 2888 417 2938 vocant.
451 2885 548 2938 multae
565 2903 630 2940 vero
648 2889 752 2942 statuae
767 2884 880 2940 mirabili
896 2887 994 2954 forma,
1019 2903 1086 2957 quae
1102 2885 1131 2939 in
1147 2885 1254 2942 thermis

149 2951 351 3010 Constantianis
369 2959 458 3023 orant,
477 2962 640 3011 corruerunt.

253 3023 440 3092 Aquaednctus
464 3041 480 3076 a
503 3023 614 3080 Valente
632 3027 731 3080 Ariano
748 3023 904 3078 aedificatus
921 3030 974 3092 ost,
1000 3025 1040 3078 uti
1056 3023 1149 3078 scribit
1164 3023 1254 3078 Theo-

149 3095 241 3148 dorus·
276 3093 387 3148 basilica
412 3094 529 3146 cisterna
554 3111 572 3147 a
596 3096 770 3150 Constantino
794 3111 898 3164 magno.
934 3113 1015 3148 aenea
1036 3112 1101 3148 vero
1119 3099 1208 3148 statua
1223 3096 1253 3148 in

149 3163 260 3218 basilica
277 3164 391 3216 cisterna
409 3163 502 3216 sedens
520 3163 664 3218 Theodosii
678 3164 789 3218 iunioris
803 3171 852 3220 cst.
886 3169 974 3217 statua
989 3183 1058 3235 pone
1072 3164 1253 3232 Magnauram,

149 3235 185 3287 ad
203 3233 355 3285 orientalem
373 3240 475 3301 partem
493 3235 608 3288 sublimis
625 3235 730 3302 solarii,
755 3241 798 3287 est
818 3235 937 3301 Phocae,
962 3235 1008 3302 qui
1024 3233 1133 3304 septimo
1149 3234 1253 3304 imperii

149 3320 233 3369 anno,
250 3303 356 3355 multam
373 3303 401 3354 in
418 3303 553 3356 evehenda
569 3305 614 3356 illa
631 3321 735 3374 operam
753 3304 850 3373 posuit.
885 3313 939 3358 tum
957 3321 1022 3356 vcro
1039 3303 1177 3356 monachus
1195 3304 1253 3372 qui-

149 3374 209 3426 dam
233 3371 386 3424 monasterii
410 3372 545 3424 Theodori
562 3373 689 3442 Syciotae
714 3375 793 3440 (nam
812 3373 901 3426 eodem
918 3380 1036 3442 tempore
1053 3375 1147 3426 beatus
1165 3373 1253 3426 Theo-

149 3443 232 3494 dorus
247 3441 274 3492 in
292 3441 363 3495 vivis
380 3447 452 3508 erat,
472 3441 560 3495 Phoco
579 3442 712 3512 principe,
731 3444 834 3496 Thoma
851 3443 966 3496 recentis
982 3443 1122 3496 memoriae
1140 3443 1253 3512 Cpoleos

149 3511 321 3582 patriarcha)
348 3517 458 3563 avocato
485 3512 515 3564 S.
540 3513 682 3565 Theodoro
706 3513 839 3564 consilium
863 3530 920 3566 cum
945 3529 976 3564 co
1000 3512 1075 3580 iniit,
1101 3517 1132 3564 ut
1147 3512 1253 3565 Phocoe

149 3581 314 3634 renuntiaret
339 3579 522 3634 abstinendum
545 3599 603 3634 esse
628 3582 661 3633 ab
684 3581 836 3634 immanibus
853 3581 904 3634 illis
921 3581 1060 3634 caedibus:
1086 3581 1252 3650 quodetiam

149 3651 191 3704 vir
216 3657 323 3704 sanctus
348 3649 499 3720 praestitit,
522 3649 705 3718 imperatorem
729 3651 881 3703 cohortatus
899 3669 932 3703 ne
950 3651 1040 3703 immiti
1057 3651 1122 3703 adeo
1140 3650 1253 3702 crudeli·

148 3727 204 3774 tate
222 3720 333 3772 subditis
351 3721 512 3772 abuteretur.
548 3720 691 3789 imperator
702 3737 781 3784 varo,
801 3719 844 3788 qui
855 3721 970 3790 podagra
981 3721 1131 3787 laborabat,
1148 3721 1251 3788 siguum

146 3789 227 3859 petiit
244 3807 260 3840 a
277 3798 353 3856 patre
370 3789 398 3840 in
417 3805 446 3841 so
463 3788 533 3840 circa
550 3791 692 3873 podagram
707 3789 838 3854 exhiberi,
856 3807 907 3858 quo
923 3798 1030 3860 peracto
1048 3805 1109 3846 saa
1125 3789 1250 3842 caedibus

147 3867 198 3912 tem
220 3866 351 3911 oraturum
369 3859 418 3912 ait.
453 3875 484 3910 ac
500 3859 585 3911 sancti
602 3860 654 3911 vrri
670 3859 792 3928 precibus
807 3861 898 3912 morbo
916 3870 1021 3930 ereptus
1039 3866 1089 3913 est.
1125 3863 1154 3909 at
1166 3873 1199 3908 ne
1212 3858 1251 3910 sic

148 3877 252 3996 quibem
276 3928 321 3980 illa
345 3927 427 3980 desiit
450 3929 626 3982 carnificinam
650 3946 783 3982 exercere.
824 3937 980 3982 memoratus
1003 3935 1089 3984 autem
1112 3925 1251 3978 monachus

148 3995 250 4048 cuidam
274 3997 427 4064 praedicere
452 4015 531 4050 ausus
553 4007 595 4050 est
617 3998 695 4050 brevi
716 4001 774 4050 foro
796 4003 826 4050 ut
846 3998 948 4052 Phocas
967 3999 1025 4052 dira
1040 3999 1125 4050 morte
1140 3992 1249 4063 periret,

149 4081 206 4116 cum
224 4065 307 4116 adhuc
325 4067 433 4134 Sergius
450 4067 690 4136 philosopharetur,
709 4067 756 4136 qui
770 4073 831 4151 post
846 4068 971 4121 Thomaur
984 4065 1098 4120 recentis
1111 4064 1250 4116 memorias

147 4133 322 4202 episcopalem
345 4137 433 4188 sedem
457 4144 549 4190 nactus
572 4143 629 4203 est;
655 4154 714 4190 nam
731 4143 831 4206 et1pse
846 4137 972 4192 monacho
990 4134 1099 4188 detexit.
1135 4149 1249 4187 cavero

146 4203 216 4257 lama
234 4201 268 4256 ad
286 4218 363 4258 aures
378 4205 483 4262 Phocoe
499 4206 668 4277 imperatoris
685 4207 822 4278 pervenit,
848 4224 905 4262 cum
930 4205 1013 4260 adhuc
1031 4202 1163 4258 columnae
1182 4219 1247 4274 opus
