2808 4616
489 291 548 359 DE
573 289 800 366 AEDIFIGIIS
827 293 889 361 (ΒΡ.
1165 290 1242 366 123

137 480 285 560 ὡσαότως
308 482 358 546 καὶ
380 475 397 545 ὃ
422 475 507 558 όσιος
523 481 602 559 Δίος
619 477 820 566 αἰτησόμενος
835 479 888 548 τόν
905 481 1050 564 βασιλέα,
1075 479 1170 551 τόπον
1186 490 1243 550 λα-

138 583 205 669 βιόν
212 635 223 668 ,
249 585 341 651 έκτισε
358 583 413 668 τὴν
429 585 526 670 μονὴν
542 591 599 652 τοῦ
615 585 695 651 Δίου
713 585 909 670 καλουμένην.

237 686 284 754 Ἡ
302 686 380 772 μονό
400 685 421 773 ἡ
444 690 589 775 λεγομένη
605 689 641 754 τὸ
658 689 883 777 Μυροκέρατον
900 690 1025 774 ἐκτίσθη
1043 688 1075 754 έν
1091 697 1155 765 τοῖς
1166 686 1245 778 χρό-

139 818 202 871 νοις
227 796 413 879 Μαρκιανοῢ
436 799 492 858 τοῦ
514 794 673 875 βασιλέως.
725 796 802 881 φασὶ
828 793 861 858 dd
884 795 989 858 πολλοὶ
1005 798 1066 859 τῶν
1083 793 1285 879 innocentiae

112 895 185 962 idae
209 895 244 962 τό
270 896 361 984 κέρας
384 898 478 962 ἓκεῖνο
502 904 557 962 τοῦ
581 899 701 976 ἐλαίου,
727 888 753 986 ᾧ
780 895 860 984 ἒχριε
883 897 1032 980 Σαμουὴλ
1050 892 1066 960 ὃ
1083 893 1245 984 προφήτης

136 999 207 1076 τοὺς
228 999 376 1082 βασιλέας
385 1047 395 1078 ,
423 1004 465 1077 τίς
480 999 536 1084 τὴν
553 997 695 1086 τοιαύτην
711 999 809 1085 μονὴν
825 1002 989 1090 ἓκρεμᾶτο,
1015 1002 1066 1066 καὶ
1084 999 1136 1065 διὰ
1152 1007 1243 1068 τοῦτο

134 1100 253 1186 ἐκλήθη
271 1103 505 1191 Μυροκίρατον.

234 1203 283 1271 Ἡ
294 1208 373 1292 μονὴ
391 1213 447 1272 τοῦ
463 1201 625 1278 Ξυλινίτου
644 1208 769 1294 έκτίσθη
787 1207 1057 1297 παρόιΪμαγίστρου
1074 1204 1196 1292 Νικήτα
1212 1207 1244 1272 έν

137 1318 202 1386 τοῖς
223 1307 348 1397 χρόνοις
371 1311 511 1386 Λέοντος
534 1316 589 1375 τοῦ
618 1315 804 1397 Συρογενοῦς
831 1318 886 1377 τοῦ
913 1311 1029 1399 πατρὸς
1054 1311 1246 1393 Καβαλίνου,

92 1426 132 1480 lc
140 1411 217 1500 παρ’
245 1405 283 1478 οὗ
305 1416 356 1476 καὶ
375 1412 606 1500 ἀπεκεφαλίσθη
625 1417 666 1489 τίς
682 1413 735 1477 τὸν
752 1411 915 1500 σφενδόνα.
967 1414 1026 1496 ἔχει
1044 1415 1128 1480 δὲτὸ
1146 1413 1245 1497 όνομα

138 1513 158 1600 ἢ
185 1516 264 1598 μονὴ
291 1515 343 1580 διὰ
366 1515 402 1582 τό
427 1515 483 1592 τὰς
503 1513 697 1600 μοναζοόσας
710 1522 852 1604 χρᾶσθαι
870 1520 912 1594 είς
928 1514 1070 1583 όπόόεσιν
1085 1526 1149 1594 τοῖς
1166 1514 1246 1584 οὕτω

139 1619 337 1701 καλουμένοις
352 1621 491 1698 ξυλίνοις.

237 1718 285 1786 ‘H
308 1723 388 1807 μονὴ
418 1731 475 1808 τῆς
504 1723 652 1800 Είκασίας
668 1719 803 1809 ξέκτίσθη
829 1721 914 1809 παρὰ
938 1722 1086 1800 Εῗκασίας
1109 1725 1248 1806 μοναχῆς

139 1821 357 1912 τόστβεστότης
387 1830 437 1892 καί
469 1826 626 1914 παρθένου
657 1824 773 1914 ὡραίας
798 1832 843 1915 τῷ
869 1825 959 1905 τίθει,
992 1824 1059 1912 ἥτις
1082 1823 1248 1913 σοφωτάτη

94 1939 132 1996 15
141 1923 220 1998 οὖσα
243 1931 293 1994 καλ
317 1928 446 2008 κανόνας
467 1928 600 2006 πολλοὺς
621 1932 673 1993 καὶ
696 1929 825 2017 στιχηρᾶ
842 1931 893 1994 καί
911 1927 990 1994 ἄλλα
1007 1930 1076 1994 τινὰ
1093 1925 1286 2006 όιξιοθαό-ι)

138 2058 245 2116 μαστα
275 2034 396 2116 ἐποίησε
428 2037 480 2098 καὶ
510 2029 699 2122 έμελῴδησεν
725 2035 756 2100 έν
781 2043 844 2109 τοῖς
863 2030 987 2120 χρόνοις
1014 2021 1167 2120 Θεοφίλου
1192 2037 1248 2099 τοῦ

139 2135 300 2219 βασιλίσκος.

244 2238 296 2302 Τὰ
321 2235 510 2325 Σμαρόγδου
537 2239 663 2323 ἐκτίσθη
689 2236 772 2325 παρὰ
797 2234 984 2326 Σμαροίγόου
1003 2229 1171 2327 ’πατρικίου
1197 2239 1249 2304 καὶ

140 2347 313 2428 στρατηγοῦ
346 2343 377 2408 ἓν
409 2353 472 2420 τοῖς
499 2340 623 2429 χρόνοις
655 2341 800 2428 Τιβερίου
824 2347 880 2407 τοῦ
907 2335 1190 2436 Θρηικόςὶἰέοότως
1214 2341 1249 2406 δέ

95 2443 277 2529 λθίκλήθη,
302 2446 364 2510 ἐπεὶ
382 2442 463 2523 οίκος
477 2438 515 2530 ἦν
533 2445 627 2511 αὐτοῦ
644 2445 712 2509 ἐκεῖ.

205 2661 228 2714 3
244 2679 272 2731 p.
290 2662 325 2716 53
343 2659 427 2716 Band.
537 2657 741 2732 μσριοκίρατον
758 2659 886 2734 plerique.
997 2663 1015 2718 4
1031 2659 1194 2728 Μαυρικίον
1212 2661 1246 2714 0.

208 2729 229 2782 8
258 2749 286 2800 p.
313 2729 348 2784 53
376 2731 462 2785 Band.
600 2736 647 2818 10⁸
661 2730 715 2800 τὴν
743 2725 972 2817 σφενιξόνηνρί
999 2726 1150 2813 inaffectio
1179 2730 1247 2850 λλιος.

212 2798 345 2934 iidie?
357 2800 496 2938 όίόόὲι..
518 2819 648 2940 aedifi?
662 2800 747 2938 ‚iiii
764 2817 1077 2938 ’όῖἓφόῖληόίόῖῗόέῗ
1093 2815 1249 2936 limidi

212 2932 262 2987 καλ
279 2931 385 3000 ὡραίας
401 2935 597 3007 τυγχανούσης.
632 2935 693 3008 ἥτις
708 2936 756 2993 καὶ
773 2933 896 2998 κανόνας
911 2935 960 2990 καλ
975 2931 1091 3005 στιχηρσὶ
1108 2952 1156 2987 ποι
1168 2933 1251 2988 ’σασα

214 2997 246 3056 έν
271 3009 332 3087 τοῖς
356 3001 468 3074 χρόνοις
491 3005 606 3076 Μιχαὴλ
630 3007 678 3063 καὶ
698 3008 838 3074 Θεοφίλου
855 3005 906 3058 τοῦ
923 2999 1030 3088 πατρὸς
1047 2999 1135 3088 adocei
1153 2951 1199 3070 όζη
1217 2999 1249 3056 έν

212 3067 295 3144 αὕτη.
315 3075 348 3128 (i.
417 3073 450 3128 18
468 3093 497 3146 p.
516 3079 668 3134 13313and.
737 3073 773 3132 coi
791 3093 834 3147 σμ.
852 3071 903 3130 σόν
919 3093 957 3148 τῳ
975 3077 1083 3148 λουτρφ
1102 3067 1156 3129 iac.
1176 3073 1246 3142 Reg.

141 3261 264 3318 similiter
289 3263 365 3318 etiam
390 3264 421 3318 S.
443 3263 509 3318 Dius
528 3266 612 3320 locum
632 3267 664 3321 ab
681 3265 841 3338 imperatore
856 3265 949 3340 petiit,
975 3269 1004 3319 et
1019 3263 1203 3320 monasterium
1219 3261 1249 3315 in

142 3351 175 3386 ee
190 3335 338 3399 exstruxit,
357 3335 427 3403 qood
446 3343 557 3388 vocatur
573 3336 627 3391 Dii.

240 3403 439 3458 Mananterium
455 3406 526 3472 qnod
546 3414 657 3458 vocatur
672 3405 895 3474 Myricceratam,
919 3412 1037 3474 tempore
1055 3402 1185 3457 Marciani
1199 3401 1251 3456 im-

142 3471 275 3542 peratoris
303 3473 432 3525 conditum
458 3474 519 3526 fuit.
555 3478 676 3528 referunt
701 3483 788 3528 autem
811 3475 886 3527 multi
909 3473 1028 3527 historici
1048 3473 1132 3528 fuisse
1151 3474 1180 3526 in
1198 3473 1250 3526 hoc

141 3541 302 3594 monasterio
321 3558 474 3610 suspensum
491 3561 572 3596 cornu
590 3545 655 3611 olei,
673 3561 725 3613 quo
743 3544 871 3614 propheta
887 3543 992 3596 Samuel
1006 3559 1082 3613 rages
1094 3543 1251 3596 Iudaeorum

142 3609 259 3677 inunxit,
278 3618 357 3680 atque
375 3611 436 3664 hinc
453 3612 492 3664 ita
509 3613 665 3666 nominatum
684 3630 742 3666 essa
759 3612 956 3666 monasterinm.

246 3679 434 3734 Monasterium
457 3681 596 3749 Xylinitae
612 3683 723 3735 Nicetes
740 3683 865 3752 magister
881 3680 1000 3733 condidit
1015 3686 1134 3752 tempore
1151 3679 1251 3732 Leonis

163 3747 227 3802 atris
250 3749 416 3802 Constantini
441 3750 587 3818 caballini,
613 3770 629 3804 a
654 3769 706 3822 qno
729 3751 807 3804 etiam
824 3751 969 3817 decollatus
984 3751 1037 3804 luit
1053 3751 1082 3803 in
1099 3749 1250 3821 sphendone

171 3817 326 3888 ippodromi.
363 3836 455 3872 nomen
473 3837 539 3872 vero
557 3821 694 3890 Xylinitae
710 3820 772 3873 inde
789 3821 868 3873 habet
886 3821 935 3874 hoc
953 3821 1153 3888 monasterium,
1180 3813 1250 3886 quod

142 3888 283 3941 monachae
299 3889 357 3941 loco
376 3890 521 3943 calceorum
539 3891 619 3944 soleis
635 3890 730 3961 ligneis
747 3895 893 3945 uterentur.

245 3959 436 4012 lilonasterium
460 3959 563 4014 Icasiae
587 3960 738 4014 aedificavit
760 3959 847 4013 Icasia
868 3959 944 4030 virgo
964 3956 1167 4012 sanctimonialis
1184 3953 1251 4022 piis-

144 4025 210 4078 sima
228 4033 256 4079 et
272 4029 463 4097 pulcherrima,
487 4047 555 4100 quae
572 4031 651 4084 valde
668 4030 774 4083 erudita
790 4031 856 4098 fuit,
876 4036 904 4083 et
921 4030 1014 4083 multos
1031 4028 1140 4095 hymnos
1159 4033 1186 4076 et
1203 4022 1252 4075 sti-

145 4093 224 4215 chara
241 4105 268 4172 et
284 4097 337 4150 alie
355 4099 482 4168 quaedam
500 4100 688 4155 admirabiliter
710 4099 858 4168 composuit
874 4107 992 4170 tempore
1008 4093 1152 4164 Theophili
1168 4093 1252 4162 impc-

141 4179 173 4216 ra
203 4181 250 4217 ne.

246 4233 433 4289 Monasterium
453 4239 591 4308 smaragdi
608 4239 769 4308 smaragdus
786 4239 912 4308 patricius
930 4243 959 4289 et
975 4234 1126 4316 praefectus
1143 4229 1252 4286 militum

142 4307 262 4373 tempore
278 4303 383 4359 Tiberii
399 4305 512 4361 Thracis
529 4309 660 4377 condidit,
680 4309 754 4364 cuius
770 4309 825 4362 illio
842 4309 934 4362 domas
950 4307 1010 4358 sne
