2814 4608
475 271 534 342 tn
560 266 759 341 nonntntt
784 269 940 342 NOTAE.
1184 269 1260 348 283

156 455 238 520 cidee
265 457 300 516 in
326 452 524 514 millesimum
552 461 584 512 et
609 451 752 532 primum
794 447 851 512 eed
876 469 949 512 cere
968 447 1045 512 haec
1065 451 1175 515 Codini
1195 477 1261 518 esee

155 543 247 606 verbe
274 550 377 622 putee:
409 549 480 598 sunt
509 538 591 597 enim
617 539 704 602 illine
729 557 746 595 e
774 555 835 617 quo
863 535 939 597 hoec
963 549 1065 598 noster
1088 539 1260 623 descripsit3

157 631 212 712 qui
231 631 323 706 longe
344 634 422 686 certe
444 624 523 684 infre
539 626 599 684 iste
615 633 754 704 tempora
773 625 869 702 vixit,
890 634 964 703 pute
984 625 1039 684 sub
1059 627 1260 710 palaeologts,

156 726 192 774 ut
221 715 306 774 initio
338 712 479 770 diximus.
521 729 577 770 uos
608 720 711 769 tamen
741 705 801 770 hoc
829 711 982 790 voluimus
1014 712 1184 791 explicere,
1221 735 1260 774 ne

157 818 250 884 quem
269 809 380 860 temere
400 797 578 875 implicaret.
620 798 744 854 Menas.

238 903 270 963 1).
292 880 355 948 145
373 902 403 943 v.
424 883 475 946 13.
518 885 582 944 τοῖν
602 878 773 961 δημοτικῶν
793 873 850 942 δυό
869 877 986 960 μεροῖν]
1009 877 1043 938 id
1063 892 1108 942 est
1128 884 1260 944 Pmoinie

157 980 188 1030 et
213 969 344 1031 Venetis.
385 965 462 1026 haec
490 963 550 1025 dno
580 963 655 1048 μέρη
684 964 828 1043 intelligit
851 966 943 1024 etiem
964 963 1073 1027 Suidee
1094 970 1126 1025 in
1149 965 1261 1050 στήλην

156 1066 187 1116 et
214 1049 435 1136 τριβουνοῖλιον.
476 1052 577 1111 Latini
603 1062 721 1111 veteres
740 1050 894 1130 fictiones
919 1049 1068 1116 dicebant.
1109 1055 1261 1115 Diaconos

154 1142 188 1200 in
225 1141 365 1198 Mauritio
397 1147 503 1216 parter
538 1138 666 1212 extulit,
705 1139 905 1196 recentiorum
938 1139 1124 1198 Graecorum
1158 1159 1261 1200 more:

160 1228 333 1286 Germanus
370 1235 472 1282 antem
509 1225 603 1281 mittit
637 1223 682 1281 od
716 1223 857 1304 Sergium
888 1223 1082 1282 demarchum
1112 1225 1262 1285 Ρναοίιιαο

153 1313 264 1391 partie,
293 1320 329 1368 ιιι
353 1310 554 1368 amitteretur
577 1307 637 1367 ribi
658 1309 763 1388 gratio
786 1309 969 1388 imperandi,
998 1313 1202 1390 repromittens
1230 1331 1261 1372 ee

153 1406 273 1477 partem
294 1397 421 1454 Ρναοίπί
438 1395 663 1455 honoraturum.
706 1395 828 1456 Mente.

239 1501 270 1561 Ρ.
289 1479 352 1546 146
368 1499 397 1544 ν.
417 1483 468 1547 18.
511 1480 554 1554 εἰς
570 1477 746 1560 προέλευσιν
763 1483 825 1542 τῶν
844 1475 938 1560 «tyno
956 1472 1151 1560 οἷποστδλοιν]
1170 1479 1261 1541 fiebat

156 1563 233 1624 heeo
257 1567 408 1646 processio
433 1571 454 1629 2
476 1563 525 1624 die
545 1562 707 1645 paschatis.
749 1563 920 1624 cedrenus:
950 1568 990 1652 τῇ
1010 1563 1043 1630 δέ
1064 1567 1187 1652 δευτέρᾳ
1206 1571 1262 1632 τοῦ

157 1649 246 1734 δμλου
265 1647 417 1732 τιν’σχοιτος
436 1645 616 1715 ἀπελθοῦσα
634 1649 656 1732 ἡ
673 1651 831 1732 βασίλισσα
846 1649 896 1712 tet
912 1654 951 1734 τῇ
967 1647 1042 1714 nord
1061 1647 1158 1716 erinon
1174 1675 1260 1734 μενο-

156 1735 233 1822 μένη
254 1733 429 1820 προελοιλσιι
450 1737 495 1813 ολς
514 1733 586 1811 τούς
607 1734 713 1819 ἁγίους
733 1730 920 1810 ν’ποστόλους
939 1737 1040 1816 δείλης
1054 1743 1212 1820 προῆλθεν
1227 1737 1260 1802 ἒν

156 1816 281 1905 ὀχήματι
300 1827 402 1903 χρυσοῖ
422 1821 608 1903 ἐποχουμένη
628 1819 784 1903 τέσσαρσιν
804 1822 920 1896 ἵπποις.
962 1823 1086 1882 Munus.

240 1929 272 1988 p.
294 1904 357 1970 147
377 1928 406 1973 v.
429 1911 459 1972 1.
501 1907 554 1972 κοιλ
574 1907 630 1982 ἔοις
651 1904 706 1988 μέν
727 1899 804 1986 cide]
837 1926 946 1986 operae
966 1909 1097 1986 pretium
1115 1926 1180 1968 enee
1201 1906 1260 1967 du·

156 2011 264 2052 xerem
290 1989 363 2052 huic
389 1993 554 2056 narrationi
580 1992 619 2052 de
645 2004 795 2054 structura
821 1994 930 2072 templi
954 1993 987 2052 S.
1008 1990 1140 2072 Sophiae
1162 1995 1260 2052 corol-

155 2079 225 2137 lerii
259 2077 355 2137 instar
389 2077 518 2138 adiicere
554 2077 707 2158 duplicem
744 2077 995 2153 delineationem,
1035 2097 1165 2160 querum
1199 2099 1261 2141 unu

156 2161 407 2243 ichnographiem
437 2167 503 2226 eius
531 2173 752 2246 repraesentat,
784 2165 878 2222 eltem
909 2174 1011 2226 autem
1040 2165 1170 2224 formem
1197 2165 1262 2225 eine

156 2251 349 2310 exteriorem.
392 2252 550 2331 utriusque
576 2252 756 2330 participem
782 2269 832 2308 me
853 2249 926 2308 fecit
944 2249 1151 2313 nobilissimus
1172 2261 1262 2331 etque

156 2334 377 2396 eruditissimus
404 2337 452 2396 vir
479 2337 640 2397 Cassianus
667 2355 686 2392 e
712 2338 819 2394 Puteo.
860 2353 968 2398 verum
995 2346 1112 2396 mutato
1137 2337 1263 2398 oonsilio

155 2421 189 2479 in
216 2419 301 2480 eliud
326 2431 447 2500 tempus
474 2419 593 2480 differre
621 2419 744 2499 placuit.
771 2421 873 2480 launn-
923 2421 968 2501 [t.
989 2419 1029 2480 nd
1049 2421 1141 2483 nemi
1159 2423 1262 2484 Silen-

154 2507 235 2566 tierii
255 2507 495 2588 Descriptiouem
512 2507 546 2570 S.
563 2503 725 2586 Sophiae]

239 2611 270 2669 p.
293 2588 355 2654 147
375 2612 406 2652 τ.
426 2597 458 2654 2.
498 2591 693 2670 προείρηται]
712 2608 804 2668 supra
824 2609 855 2668 p·
877 2590 918 2654 17
938 2609 967 2655 ν.
988 2595 1018 2656 2.
1061 2593 1161 2654 Istum.

240 2694 272 2752 p.
288 2671 350 2736 147
368 2693 399 2734 v.
413 2675 434 2736 3
449 2692 494 2753 eq.
537 2673 698 2750 ἐκκλησίαν
713 2703 758 2720 -
775 2679 951 2738 κτισθεῖσαν
964 2673 1118 2757 neapoleoni
1131 2673 1264 2759 μεγάλου

158 2755 394 2822 Κοινστοντλνου
420 2755 473 2818 καλ
498 2754 635 2834 Ἑλένης]
667 2752 759 2816 huius
786 2759 895 2836 templi
921 2763 1035 2820 mentio
1060 2762 1095 2818 fit
1116 2765 1209 2823 etiem
1229 2765 1264 2821 in

158 2841 270 2922 disput.
301 2841 458 2919 Gregentii
484 2860 555 2900 cnm
582 2841 720 2902 Urbano:
751 2844 817 2914 πῶς
837 2839 871 2904 δὲ
892 2837 981 2918 οδτδς
1002 2837 1052 2908 ἐπ’
1072 2844 1190 2909 ἐκεῖνον
1209 2841 1264 2909 τδν

157 2924 252 3003 ναόν,
289 2920 326 2989 δν
357 2926 495 3008 ἐδιλμοιτο
524 2923 548 3006 η’
579 2924 698 3008 βασιλὶς
727 2923 846 3006 Ἑλένη,
877 2929 1051 3008 μετοικίζεις
1080 2926 1137 3010 τήν
1166 2929 1265 3007 λέξινς

158 3031 339 3076 conversum
373 3020 419 3072 ert
450 3012 485 3072 in
514 3009 749 3092 patrimoheium
780 3011 818 3072 eb
848 3012 1016 3078 Ammathr
1047 3027 1134 3098 cepto
1163 3018 1262 3099 cpoli.

157 3101 246 3162 testie
268 3095 421 3161 Phrunzee
442 3095 624 3163 unomen
659 3098 710 3162 19.
751 3100 876 3160 Munus.

243 3205 275 3264 p·
298 3181 358 3248 147
379 3204 409 3243 v.
431 3186 462 3247 7.
505 3179 559 3247 τδν
589 3177 711 3262 Λύκον]
744 3183 782 3244 de
814 3184 938 3246 fluviolo
967 3187 1051 3266 Lyco
1082 3188 1262 3267 Byzantium

157 3280 332 3330 transeunte
353 3289 444 3350 supro
464 3268 614 3350 quaedem
633 3270 738 3333 notevi
758 3269 798 3330 ed
817 3291 847 3350 p.
869 3267 912 3336 45
933 3290 961 3332 τ.
984 3271 1035 3336 13.
1076 3275 1176 3334 Irrue.

243 3375 275 3434 p.
294 3351 356 3420 148
373 3373 404 3415 v.
422 3356 442 3418 1
460 3375 508 3438 eq.
550 3351 734 3440 ένθρονιολση
754 3351 806 3420 τδν
825 3351 922 3437 νοιδν]
945 3354 982 3416 de
1002 3355 1061 3418 hoc
1082 3379 1261 3418 consecran-

158 3439 268 3501 dorum
303 3442 486 3520 templorum
519 3460 604 3503 more
641 3439 777 3506 diximus
806 3443 838 3500 in
868 3443 968 3504 (ἄλοκι.
995 3454 1097 3504 nostro
1125 3447 1159 3504 in
1186 3465 1260 3506 voco

156 3526 302 3610 έμιιοίνιυ.
342 3529 467 3588 Μιιοιιο.

243 3606 482 3692 Ρ.148τ.13.
524 3608 544 3674 δ
577 3607 669 3694 μέρος
703 3611 951 3691 Κοινοτοιντλνος]
991 3610 1029 3672 de
1064 3613 1260 3674 Constantino

158 3696 418 3778 Porphyrogenito
437 3696 587 3778 loquitur,
608 3699 678 3778 qui,
700 3707 735 3756 ut
755 3717 846 3777 supra
867 3695 947 3756 dixit
966 3719 998 3778 p.
1018 3699 1079 3764 127
1098 3720 1128 3759 v.
1146 3699 1166 3764 ὁ
1183 3715 1259 3780 τηεμ,

159 3785 305 3842 ancellum
329 3784 363 3844 S.
384 3781 622 3863 Theophnnonis
644 3784 759 3864 templo
782 3783 837 3850 SS.
860 3784 1064 3862 apostolorum
1085 3784 1260 3844 adiunctum

160 3867 377 3932 exaedificavit.
420 3868 490 3929 vide
517 3879 671 3948 praeterea
698 3888 776 3952 quae
798 3868 836 3928 de
858 3869 890 3930 S.
911 3867 1142 3950 Theophenoue
1161 3870 1260 3950 prime

160 3971 256 4012 uxore
276 3957 387 4018 Leonis
408 3953 580 4036 philosophi
598 3956 702 4015 notari
721 3954 761 4014 ed
780 3975 812 4035 p.
834 3953 897 4020 105
917 3975 947 4014 v.
969 3958 1000 4020 6.
1041 3959 1138 4018 nme.

246 4057 277 4118 p.
300 4041 363 4106 150
383 4060 412 4102 v.
431 4043 471 4104 17
485 4059 532 4121 eq.
574 4037 608 4102 έν
626 4043 668 4125 τῷ
688 4035 844 4125 δωδεκάτῳ
865 4031 962 4126 χρόνῳ
982 4043 1037 4121 τῆς
1055 4035 1151 4104 αὐτοῦ
1171 4041 1259 4120 βοισι·

160 4121 242 4196 lnior
263 4122 357 4188 έκτισο
376 4122 432 4206 την
453 4119 794 4206 Κωνστοιντινοολπολιν]
822 4145 882 4207 quo
902 4145 995 4190 senen
1014 4123 1089 4186 haec
1111 4123 1257 4206 dicantur,

160 4209 226 4288 ipre
247 4227 338 4290 supra
358 4211 482 4290 exponit
500 4208 549 4272 hie
569 4212 682 4274 verbis:
713 4203 1028 4294 reportationem,
1057 4212 1174 4294 inquit,
1201 4217 1258 4278 τοῦ

160 4288 320 4360 ἑνδεκάτου
340 4293 481 4362 ἐνιαυτοῦ
499 4300 556 4364 τοῦ
574 4291 670 4364 αὐτοῦ
690 4295 835 4382 βασιλέως
864 4292 925 4377 (ου.
948 4297 1181 4364 Κοινστοντένου
1200 4302 1256 4364 τοῦ
