2802 4636
477 308 537 375 DE
562 307 789 378 AEDIFIGIIS
816 309 878 378 GP.
1178 309 1229 385 83

230 493 277 560 Τδ
308 491 463 584 εύκτήριον
493 501 551 564 τοῦ
579 495 667 584 άγίου
692 499 725 562 Γ
721 499 863 587 ρηγορίου
889 496 984 566 ἔκτισε
1009 497 1231 588 Μαυρίκιοςό

123 594 277 684 βασιλεύς.

227 701 273 767 Τδ
298 701 333 767 δὲ
355 701 545 789 τετραδίσιον
561 701 597 768 τδ
616 700 803 789 δκτάγωνον,
828 702 864 770 τό
888 704 1016 789 πλησίον
1032 709 1087 789 τῆς
1099 710 1228 790 χαλκῆς,
1244 714 1269 770 Ι)

125 807 211 872 στοαὶ
236 797 315 889 ἦσαν
338 803 437 886 όκτά,
462 804 558 892 η’γουν
574 811 786 895 καμαροιιδεΐς
802 805 907 889 τόποι,
933 811 965 875 ἐν
982 803 1029 886 οἷς
1043 799 1122 893 ἦσαν
1140 808 1230 874 διδά-

97 913 230 976 5σκαλσι
254 906 356 994 πάσης
371 917 512 998 γραφῆς,
539 909 594 988 σύς
610 907 690 994 εἶχον
708 915 750 990 εἲς
766 911 945 998 συμβουλὴν
962 911 991 978 οὶ
1009 910 1088 977 κατοὶ
1104 913 1231 1002 καιρούς

118 1009 350 1096 βασιλεύοντες,
377 1017 428 1078 καὶ
452 1016 522 1098 δίχα
539 1020 595 1099 τῆς
611 1015 711 1082 adenis
728 1016 925 1095 συναινέσεως
941 1016 1029 1082 ούδὶν
1047 1012 1229 1104 ἐπράττετο·

117 1117 151 1195 ἐξ
177 1109 221 1182 ὧν
244 1119 295 1182 καὶ
318 1121 426 1183 πολλοὶ
448 1118 582 1204 έγένοντυ
606 1117 794 1208 πατριάρχαι
816 1123 867 1186 καὶ
890 1120 1127 1210 άρχιεπίσκοποι.
1178 1122 1231 1187 καὶ

116 1221 199 1286 κατὰ
227 1221 375 1306 διαδοχάς
399 1221 429 1288 οὶ
452 1229 585 1288 τοιούτου
608 1221 789 1290 διδάσκαλοι
813 1221 975 1312 διήρκεσαν
991 1223 1042 1308 ἴση
1060 1221 1121 1290 υιδ’
1138 1224 1229 1313 μέχρι

116 1331 176 1390 τοῦ
200 1322 328 1391 δεκάτου
349 1321 464 1414 χρόνον
487 1327 626 1404 Λέοντος
648 1334 704 1392 τού
726 1333 915 1416 Συρογενοῦς
931 1335 986 1395 τού
1003 1327 1119 1416 πατρὸς
1135 1331 1229 1394 Κων-

76 1439 110 1494 10
119 1429 281 1494 σταντίνου
306 1435 361 1494 τοῦ
386 1430 595 1511 Καβαλλίνου.
647 1421 736 1507 οὗτος
759 1431 818 1519 γάρ
842 1434 1052 1518 παρατρυπεὶς
1068 1437 1123 1515 τῆς
1139 1432 1229 1509 θείοις

113 1530 245 1617 χάριτος
272 1533 323 1596 καὶ
349 1535 523 1618 γυμνωθεὶς
546 1539 601 1598 τού
626 1537 721 1613 θεοῦ,
749 1533 800 1598 δεδι
817 1535 851 1599 τὸ
869 1534 913 1619 μὴ
932 1543 1140 1620 συγκοινωνεΐν
1156 1535 1230 1612 τοδς

73 1696 78 1707 ,,
116 1632 279 1712 τοιούτους
310 1633 516 1714 διδασκάλους
545 1643 584 1724 τῇ
612 1638 789 1729 παρανομία
821 1637 917 1703 occisori
944 1639 1094 1722 πλησθεὶς
1125 1635 1229 1724 ὀργῆς,
1257 1670 1264 1682 =

116 1739 303 1806 κατέκαυσεν
328 1739 441 1818 αύτούς
464 1737 531 1824 ἅμα
554 1747 619 1817 τοῖς
642 1737 806 1826 οίκήμασι,
832 1741 937 1821 δεκαέξ
960 1740 1068 1823 ὄντας,
1094 1738 1229 1826 σχήματι

116 1841 282 1927 μονυχοός.

76 1955 111 2010 15
223 1949 279 2024 Εἷς
306 1945 342 2010 δὲ
365 1945 405 2010 roi
427 1947 668 2032 Χαλκοπρατεΐα
693 1946 742 2011 ἐπὶ
764 1950 819 2012 τού
843 1939 978 2028 μεγάλου
995 1944 1227 2010 Κωνσταντίνοο
1244 1949 1267 2005 Ρ
1282 1947 1318 2003 43

113 2049 260 2115 Ἰουδαῖοι
287 2043 444 2135 κατῴκουν
467 2045 600 2135 χρόνους
622 2046 730 2114 ἑκατόν
746 2051 798 2114 καὶ
815 2044 977 2135 τριάκοντα
995 2045 1068 2129 δύο,
1093 2050 1145 2114 καὶ
1164 2047 1229 2112 ἐπί·

118 2176 259 2237 πρασκον
275 2152 314 2215 τοὶ
330 2146 530 2232 χαλκώματα.
582 2147 599 2216 ό
618 2153 652 2216 δὲ
666 2151 776 2238 μικρός
791 2148 957 2228 Θεοδόσιος
969 2151 1093 2229 ἐξέωσεν
1106 2147 1229 2232 αύτούς,

119 2256 172 2319 καὶ
204 2253 258 2320 τὸν
288 2249 382 2319 τόπον
413 2253 648 2341 άνακαθαρίσας
678 2254 752 2320 ναδν
780 2261 837 2339 τῆς
861 2250 1054 2342 θεομήτορος
1080 2250 1232 2342 άνήγειρει

118 2357 347 2440 συμπτωθόντα
375 2356 409 2421 δὲ
435 2353 494 2421 sind
523 2362 651 2439 σεισμοῦ
672 2357 833 2435 Ἰουστΐνος
858 2354 874 2422 ὃ
902 2355 962 2422 άπὸ
989 2353 1228 2448 κσυροπαλάτων

74 2476 112 2532 20
121 2459 256 2548 ἀνήγειρε
262 2509 273 2541 ,
299 2462 350 2526 καὶ
367 2456 507 2544 κτήματα
525 2458 713 2548 ἐπεκύρωσεν
731 2461 815 2550 αύτῷ
832 2459 969 2545 άκίνητα.

223 2565 276 2630 To
301 2565 335 2630 δὲ
359 2559 533 2647 καλούμενα
553 2561 672 2645 Ἴλλυυ,
699 2561 716 2630 ὃ
741 2564 828 2650 ἅγιος
849 2562 989 2648 Ἰωάννης
1007 2561 1023 2628 ὁ
1040 2558 1228 2650 πρόδρομος,

120 2665 201 2746 οἶκος
217 2660 255 2750 ἦν
271 2667 439 2756 μαγίστρου
456 2673 513 2733 τού
531 2663 632 2734 ’tatto
641 2715 652 2749 ,
678 2669 796 2746 πολλὰς
819 2667 918 2757 άρχιὶς
935 2664 1133 2744 διανύσαντσς
1149 2665 1228 2748 μετὰ

191 2847 258 2916 sp.
278 2846 313 2900 ιτ
329 2843 414 2900 nano.
534 2821 653 2912 μεως]
671 2843 811 2914 postrata
828 2843 851 2896 c
870 2849 898 2897 ει
914 2843 979 2896 vae.
1102 2836 1168 2897 ιιι
1186 2835 1229 2900 σε

189 2903 277 2984 ἦσαν]
303 2913 351 2966 καὶ
376 2911 573 2966 διδασκαλεῖον
595 2909 682 2966 ἐκεῖσε
698 2907 762 2981 ἐτύγ
780 2929 846 2966 ανεν
864 2908 1059 2980 οίκουμενιαόν
1074 2911 1144 2980 Reg.
1162 2910 1228 2963 vat.

190 2985 225 3038 15
249 3001 278 3052 p.
304 2983 339 3036 28
362 2982 446 3036 Band.
583 2974 646 3049 ἐπὶ]
673 2977 731 3036 cini
758 2932 792 3036 d.
931 2984 967 3037 20
989 2975 1167 3050 άπεκύριοσεν
1192 2979 1225 3032 C.

189 3053 223 3107 21
243 3071 273 3122 p.
291 3051 327 3106 44
343 3051 427 3104 Band.
531 3049 594 3104 ὶλου
610 3051 673 3106 Vat.
691 3056 854 3106 constanter.

224 3202 378 3257 Oratorium
394 3202 424 3262 S.
444 3201 557 3272 Georgii
573 3202 725 3258 aedificavit
741 3203 888 3257 Mauricius
903 3203 1056 3272 imperator.

224 3273 403 3327 Tetradisium
428 3273 594 3340 octangulum
616 3291 699 3347 prope
722 3275 836 3328 chalcen
860 3279 920 3326 octo
938 3277 1016 3325 orant
1031 3269 1151 3340 porticus
1168 3268 1227 3322 sive

119 3346 178 3398 loca
201 3351 397 3413 concamerata,
420 3344 449 3396 in
474 3343 569 3412 quibus
592 3346 817 3398 commorabantur
834 3344 956 3396 doctores
974 3343 1084 3395 omnium
1102 3337 1227 3394 scientia·

120 3433 192 3480 rum,
219 3429 286 3482 quos
311 3431 415 3484 semper
438 3414 609 3484 imperotores
631 3413 659 3464 in
681 3415 817 3467 consilium
840 3413 1014 3478 adhibebant,
1040 3427 1126 3480 neque
1143 3409 1227 3462 fiebat

120 3485 260 3555 quicquam
285 3483 384 3553 absquo
409 3501 498 3536 eorum
522 3499 659 3536 consensu.
694 3485 767 3537 multi
786 3484 865 3536 etiam
885 3483 986 3535 axillis
1004 3481 1160 3534 creabantur
1178 3495 1227 3548 pa-

119 3553 255 3606 triarchae
281 3558 310 3604 et
334 3553 533 3623 archiepiscopi.
567 3551 676 3605 duravit
696 3558 783 3606 autem
799 3553 853 3606 ista
872 3553 1006 3606 doctorum
1023 3549 1156 3603 successio
1174 3544 1226 3600 114

120 3639 218 3688 annos,
248 3637 332 3692 usque
350 3624 383 3676 ad
400 3623 526 3677 decimum
544 3637 638 3674 annum
653 3621 757 3692 imperii
773 3622 869 3674 Leonis
887 3621 967 3688 Syri,
991 3619 1075 3689 patris
1093 3619 1226 3671 Constan-

120 3693 172 3744 tini
197 3692 371 3762 copronymi.
406 3693 450 3746 hio
474 3693 543 3745 enim
565 3691 654 3745 divina
676 3692 797 3774 privatus
814 3691 901 3762 gratia
917 3691 1037 3742 doctores
1053 3689 1110 3740 illos
1126 3687 1225 3756 impro-

119 3761 202 3813 bitati
226 3763 282 3814 eius
307 3761 430 3815 assentiri
453 3763 572 3815 nolentes
592 3777 658 3831 pras
679 3777 721 3813 rra
744 3778 832 3815 omnes
854 3778 912 3814 curn
933 3765 989 3812 toto
1013 3757 1132 3814 aedificio
1156 3772 1228 3809 com-

119 3831 219 3902 bussit,
237 3832 351 3884 sedecim
368 3849 459 3902 nempe
477 3849 598 3899 numero,
612 3830 779 3900 professione
794 3847 860 3884 vero
876 3831 1025 3884 monachos.
1206 3889 1214 3904 ι

26 3961 29 3968 Ι
222 3899 254 3952 In
278 3901 478 3974 Chalcopreteis
498 3909 618 3972 tempore
643 3901 812 3954 Constantini
834 3900 921 3969 magni
946 3899 1101 3952 habitabant
1122 3891 1223 3953 Iudaei,

120 3973 148 4023 et
164 3971 315 4024 vendebant
332 3970 371 4024 ibi
386 3976 545 4026 aeramenta.
578 3974 642 4042 post
660 3981 764 4024 centurn
781 3987 846 4024 vero
864 3981 892 4022 et
908 3971 943 4025 32
960 3985 1042 4021 annos
1058 3961 1162 4033 expulit
1178 3974 1225 4011 eos

119 4039 182 4092 inde
200 4040 367 4094 Theodosius
383 4042 486 4110 iunior,
507 4047 535 4094 et
551 4041 609 4094 loco
625 4047 769 4111 repurgato
787 4040 909 4110 templum
928 4038 958 4091 S.
976 4038 1102 4106 deiparae
1115 4034 1225 4112 exstru-

120 4107 172 4160 xit.
207 4109 259 4163 hoc
277 4118 364 4164 autern
380 4113 502 4184 templum
517 4117 606 4166 terrae
622 4117 694 4164 motu
710 4111 841 4164 deiectum
858 4107 1041 4163 reaedificavit
1056 4103 1173 4180 Iustinus
1192 4113 1225 4149 ex

119 4179 276 4302 cppopalatta
298 4187 403 4236 oreatus
419 4183 575 4254 imperator,
603 4187 631 4235 et
645 4181 754 4252 insopor
771 4181 797 4235 ei
813 4180 994 4251 possessiones
1010 4165 1156 4224 imm⁰b110⁸
1172 4165 1227 4219 lar·

138 4261 193 4301 ius
209 4265 259 4301 es.

118 4263 137 4318 g
221 4315 309 4374 Locos
332 4321 478 4376 nominatus
500 4320 541 4374 Illi
566 4320 656 4374 domus
673 4323 732 4374 erat
747 4319 790 4376 lili
806 4315 941 4388 magistri,
967 4306 1014 4378 <1¹¹i
1029 4302 1124 4357 ffl⁰¹i⁰⁸
1141 4302 1227 4372 30⁵⁸st
