2814 4608
473 243 532 308 AD
559 237 758 309 CODINUM
781 243 935 310 NOTAE.
1180 246 1254 320 267

152 431 275 510 πρῶτον
304 419 361 506 την
389 420 506 503 σκηνήν
530 420 693 504 ἔπήξαμεν.
736 434 766 482 et
785 425 818 484 in
841 425 987 504 carmine,
1020 445 1079 508 quo
1106 431 1258 492 somnium

154 535 244 576 suum
265 519 384 571 enarrat
405 509 445 568 ad
465 507 543 568 illud
564 513 714 588 templum
734 513 903 615 pertinens:

321 588 411 662 εὗδον
433 591 472 675 δη
493 590 651 676 yicaov
630 619 746 672 νπνον,
767 589 962 659 Ἀναστασίαν
984 592 1069 660 δέκ’
1091 623 1208 686 ονειρος

325 684 470 790 u<teriora
491 681 588 760 ἐμοῖσι
610 674 755 762 φίραν’
733 683 887 761 ηματίοισι
906 675 1029 758 πόθοις,

318 761 342 852 ἢ
361 771 482 847 πρῶτον
502 761 593 848 λόγον
617 764 711 828 αίπνν
732 765 778 828 ἐνί
798 764 985 871 προπόδεσσι
1006 765 1134 848 μένοντα

361 848 476 959 ήγαγεν
495 851 525 924 ἒς
546 849 687 932 κορυφήν
708 848 813 933 οὔρεος
833 845 1013 934 α’κροτοίτην.

319 931 441 1002 τούνεκ’
467 931 661 998 Ἀναστασίαν
682 961 734 1018 μιν
756 937 913 1044 ἐπίκλησιν
933 936 1073 1004 καλέουσι

361 1018 452 1103 νηόν,
474 1021 547 1102 ἐμῆς
567 1018 708 1103 παίοίμης
731 1018 860 1104 i'oyov’
840 1018 1049 1104 αριστοπὸνον.

155 1110 243 1190 plura
264 1107 302 1167 de
322 1106 380 1166 hoc
400 1109 514 1187 templo
534 1107 604 1166 vide
627 1107 708 1188 apud
729 1108 915 1184 cedrenum,
937 1110 990 1168 ubi
1013 1111 1074 1189 agit
1092 1107 1130 1168 de
1148 1111 1262 1170 Valen-

155 1196 264 1254 tiniani
293 1195 419 1253 iunioris
449 1204 478 1251 et
504 1195 615 1252 Leonis
642 1195 764 1253 Macelli
792 1196 934 1275 imperio,
968 1206 997 1254 et
1017 1193 1097 1276 apud
1119 1195 1263 1256 Sozome-

155 1281 273 1342 num7
306 1279 325 1342 5
359 1290 388 1338 et
417 1277 622 1358 Nicephorum
642 1281 802 1340 Callistum
824 1281 864 1344 15
894 1283 936 1342 22
968 1291 998 1340 et
1025 1283 1057 1339 in
1079 1282 1263 1342 Graecorum

156 1367 290 1424 Menaeis
325 1362 374 1422 die
412 1367 452 1428 10
482 1366 624 1423 Ianuarii.
668 1377 820 1425 caeterum
847 1369 881 1424 in
909 1367 968 1426 alio
997 1366 1098 1426 codice
1126 1388 1181 1446 pro
1209 1371 1265 1448 τῆς

158 1477 178 1513 α
170 1449 247 1533 ’μίας
275 1443 466 1523 οἷνασνοίσεως
490 1452 602 1528 legitur
628 1455 683 1531 τῆς
714 1448 801 1534 οίγίας
819 1446 1016 1526 Ἀναστασίας
1036 1456 1091 1531 τῆς
1109 1449 1264 1532 Ῥωμαίας,

160 1557 219 1618 quo
240 1537 383 1615 probatur
405 1535 486 1617 quod
507 1534 741 1616 Metaphrastes,
762 1539 794 1595 in
814 1537 930 1596 vitaS.
948 1539 1109 1614 Marciani,
1131 1538 1162 1596 S.
1180 1539 1265 1596 Ana-

158 1623 268 1682 etesiae
289 1624 415 1702 martyri
437 1642 505 1680 eam
525 1624 683 1682 ecclesiam
705 1622 836 1682 dicatam
856 1625 950 1682 fuisse
969 1622 1069 1686 tradit.
1112 1625 1216 1682 haue.

242 1729 273 1786 p.
295 1708 336 1769 88
359 1729 388 1772 v.
412 1709 458 1773 15.
504 1707 546 1781 είς
567 1732 604 1769 τα
597 1704 830 1789 Μανριανοῠ]
863 1707 1083 1790 Metaphrastes
1106 1719 1137 1766 et
1158 1708 1266 1767 Graeci

157 1794 191 1851 in
219 1795 353 1852 Menaeis
383 1794 468 1851 aiunt
495 1790 554 1852 hoc
580 1797 731 1875 templum
751 1797 928 1854 Anastasiae
948 1797 1043 1854 fuisse
1064 1794 1097 1858 ἒν
1118 1800 1181 1869 τοῖς
1202 1799 1266 1856 Δο-

158 1880 269 1961 μνίνου
290 1872 437 1959 ἐμβόλοις.
480 1880 584 1943 Laus.

243 1985 273 2043 Ρ.
294 1967 334 2027 88
355 1984 385 2026 v.
406 1964 456 2028 15
502 1960 685 2045 Μαρκιανὸς
706 1988 722 2027 ο
715 1957 846 2043 οσιος]
876 1962 928 2024 1ιίο
947 1985 1008 2024 non
1030 1975 1076 2024 est
1096 1965 1267 2024 Marcianus

157 2051 338 2128 imperator,
369 2048 424 2108 sed
453 2068 635 2109 oeconomus
663 2050 696 2108 S.
723 2047 874 2130 Sophiae,
907 2052 992 2109 cuius
1018 2053 1164 2109 memoria
1186 2051 1268 2108 cele-

158 2135 262 2194 bratur
298 2133 347 2192 die
386 2135 425 2198 10
459 2137 600 2195 Ianuarii.
657 2137 750 2194 vitam
784 2137 849 2195 eius
885 2138 1004 2217 scripsit
1037 2134 1268 2216 Metaphrastes.

157 2223 262 2280 Laus.

244 2327 275 2386 Ρ.
293 2308 333 2370 88
351 2325 379 2370 v,
399 2307 439 2371 15
458 2325 504 2388 sq.
547 2305 640 2369 ίκ
601 2329 656 2385 της
675 2304 849 2382 περιουσίας
866 2304 918 2368 καί
936 2329 990 2369 ιον
977 2300 1142 2370 πλούτου
1156 2302 1266 2382 adeat]

158 2389 218 2450 hcc
241 2403 303 2467 eat,
334 2391 417 2472 quod
438 2395 481 2452 eit
502 2389 690 2470 Nicephorus
710 2391 871 2466 Callistus,
902 2386 1033 2467 ἰδίοις’
1013 2386 1171 2474 ανήγειρεν
1192 2385 1269 2454 οίνα-

157 2474 282 2558 λαίμασι.
325 2478 488 2537 reiioienda
508 2479 601 2556 igitur
623 2488 669 2536 est
689 2475 801 2536 codicis
820 2479 909 2557 Regii
926 2479 1030 2538 lectio·
1052 2488 1169 2536 constat
1185 2478 1268 2535 enim

159 2564 193 2622 S.
223 2565 410 2621 Marcianum
440 2563 557 2643 pridem
586 2574 656 2620 ante
683 2565 808 2641 Asparis
830 2574 860 2621 et
880 2563 1042 2624 Ardaburii
1061 2583 1169 2623 necem
1188 2573 1269 2621 tem-

158 2651 246 2727 plum
267 2649 298 2706 S.
320 2653 497 2707 Anastasiee
519 2646 702 2705 aedificasse.
745 2650 844 2705 Laron.

245 2752 276 2810 p·
298 2735 340 2794 88
362 2752 392 2790 v.
416 2734 467 2794 17.
512 2731 555 2802 είς
572 2727 609 2791 τοί
626 2731 739 2810 ψῆφα]
765 2730 840 2789 haec
862 2740 892 2788 et
913 2749 991 2810 quae
1011 2743 1116 2810 postea
1135 2749 1270 2811 sequun-

159 2826 210 2876 tur
238 2814 275 2873 de
303 2815 480 2894 prophetico
509 2817 630 2874 oraculo
653 2817 686 2874 S.
707 2817 845 2895 Gregorii
865 2817 1046 2874 Nazianzeni
1068 2815 1105 2874 de
1127 2815 1270 2874 aedifica-

159 2903 243 2960 tione
264 2903 372 2981 templi
394 2901 426 2961 S.
445 2903 639 2979 Anastasiae,
657 2903 777 2981 prolixe
797 2911 957 2960 narrantur
976 2921 994 2960 a
1011 2898 1215 2981 Metaphraste
1235 2901 1269 2958 in

160 2986 278 3047 vitas.
299 2988 455 3046 Marciani.
499 2991 595 3046 Lana.

246 3073 336 3151 p.89
357 3093 387 3132 r.
408 3076 438 3136 1.
482 3065 773 3150 ανακαινισθήσεται
793 3068 812 3134 (1
832 3066 904 3145 ναὸς
924 3061 1031 3147 ονιος]
1054 3067 1162 3130 eodem
1179 3088 1271 3129 sensu

160 3156 302 3217 videntur
331 3159 530 3237 intelligenda
559 3179 623 3218 esse
651 3160 707 3216 illa
734 3158 826 3218 verba
854 3158 885 3216 S.
913 3158 1085 3266 Gregorii
1075 3177 1109 3214 ιιι
1136 3156 1270 3214 oratione

161 3241 201 3302 ad
231 3243 294 3308 150
324 3247 495 3325 episcopos.
529 3241 567 3353 σή
593 3267 625 3307 τι
653 3269 671 3308 ο
661 3241 788 3326 ’μέρος
809 3237 881 3316 ναός
902 3234 992 3316 ονιος
1011 3240 1062 3304 καί
1075 3235 1269 3344 περιβὸηιρς,

160 3327 184 3436 ή
212 3328 266 3391 νέα
292 3333 493 3436 κληρονομία,
524 3327 560 3394 ad
580 3333 639 3392 νῦν
661 3327 752 3412 μέγας
774 3322 851 3390 εἶναι
871 3324 953 3432 παροί
974 3332 1030 3390 τοῦ
1050 3321 1138 3409 λόγον
1159 3320 1270 3406 λαβήν,

162 3439 201 3478 ον
226 3408 386 3495 'lsssoag''
367 3439 441 3478 οντα
461 3412 605 3498 πρότερον
625 3410 817 3498 Ἰερουσαλήμ
837 3409 1054 3494 πεποιήκαμεν.
1096 3423 1169 3471 tunc
1189 3423 1271 3470 tem-

160 3501 243 3580 poris
275 3503 356 3558 enim
385 3520 446 3582 quo
471 3504 504 3563 S.
526 3503 689 3582 Gregorius
709 3501 912 3578 templumS.
934 3501 1109 3558 Anastasiae
1128 3500 1172 3556 ita
1193 3499 1272 3556 allo-

162 3587 325 3668 quebatur,
348 3606 475 3666 parvum
497 3587 596 3647 adhuc
618 3597 681 3646 erat
699 3589 872 3646 oratorium.
916 3584 971 3644 sed
984 3596 1090 3664 postea
1104 3581 1273 3643 secundum

161 3669 372 3752 propheticum
393 3675 476 3734 illius
496 3675 688 3754 praesagium
709 3693 727 3730 a
748 3672 780 3734 S.
798 3672 980 3730 Marciano
970 3691 1004 3728 ιιι
1024 3689 1168 3748 magnam
1187 3669 1272 3727 basi·
1371 3694 1373 3702 ¹

162 3759 253 3816 licam
280 3769 431 3818 mutatum
456 3762 516 3820 fuit
543 3772 573 3820 et
599 3779 617 3818 a
637 3759 750 3818 Basilio
772 3755 937 3816 Macedone
958 3755 1117 3837 splendide
1140 3771 1272 3814 exorna-

162 3855 237 3902 tum.
279 3848 378 3905 Larua.

248 3933 344 4008 1³·89
366 3951 397 3991 v.
420 3932 451 3999 5.
492 3927 551 4012 τήν
566 3927 664 4041 ιίηίαν
684 3925 826 4032 Εἰρήνην
846 3951 880 3990 το
872 3923 1040 4034 πίραμα]
1065 3924 1273 4003 Menologium

165 4013 349 4075 Graecorum
368 4028 455 4078 vocat
476 4014 533 4120 τήν
555 4014 644 4100 οίηίαν
664 4009 805 4097 Εἰρήνην
826 4009 882 4092 τήν
901 4009 976 4094 πρὸς
994 4007 1170 4090 θάλασσαν,
1190 4007 1273 4090 quod

166 4097 250 4157 idem
280 4112 334 4160 est.
377 4101 453 4164 haec
481 4105 563 4163 enim
589 4103 695 4184 procul
718 4101 809 4160 dubio
835 4101 866 4160 S.
888 4101 993 4158 Irenae
1014 4097 1155 4176 martyris
1177 4096 1276 4154 eccle-

166 4187 213 4246 sia
234 4194 296 4261 est,
320 4207 412 4268 quam
432 4191 596 4270 Procopius
612 4191 701 4250 sitam
714 4188 806 4248 fuisse
822 4189 863 4245 ait
880 4183 918 4243 ad
932 4185 1043 4244 ostium
1058 4184 1141 4242 sinus
1156 4202 1277 4241 nuncu-

166 4273 231 4353 pati
257 4272 358 4332 Cornu
379 4285 409 4336 et
430 4287 605 4338 renovatam
624 4277 661 4336 ab
681 4275 847 4336 Iustiniano
862 4273 1058 4351 imperatore.
1082 4265 1220 4334 ἐπίκοινα
1234 4266 1275 4343 dd,
