2802 4636
289 333 294 343 '
390 322 448 386 DE
474 321 623 386 FORMA
649 321 706 384 ET
729 321 894 386 AMBITU
917 320 978 386 ΟΡ.
1188 319 1236 390 25

131 510 267 600 ὁρωμένη
290 507 383 594 bulg,
406 507 427 594 ή
452 511 596 596 λεγομένη
623 515 677 575 νύν
697 509 881 594 Οόρβικιόυ,
908 504 1057 595 πρότερον
1079 505 1178 596 πόρτα
1202 503 1239 593 ήν

127 616 256 702 χερσαία
280 621 337 680 τοῦ
361 611 533 694 Βύζαντος,
559 615 609 679 καὶ
635 613 789 696 ἀνέβαινεν
812 616 854 690 εἰς
878 611 916 678 τὰ
939 616 1179 700 Χαλκοπρανεΐα
1204 613 1239 680 τδ

131 728 228 802 τεῖχος
245 719 301 796 {bg
316 726 371 784 τού
388 719 549 804 λεγομένου
566 718 680 800 μιλιόο.
729 708 769 801 ήν
790 719 823 782 δὲ
841 717 958 782 κάκεῖσε
976 715 1075 804 πόρια
1092 723 1154 783 τῶν
1171 722 1238 783 Βυ-
1255 725 1277 778 Β

131 823 255 902 ζαντίιον
268 824 417 910 χερσαιά,
435 826 485 887 καί
505 819 643 906 διήρχετο
661 824 704 897 είς
719 821 792 896 τούς
809 821 955 898 πλεκτοὺς
972 824 1074 899 κίονας
1089 828 1151 887 τῶν
1167 825 1239 902 τζυ-

106 928 301 1012 ὁκαλαρίαιν,
326 930 376 991 καὶ
399 927 574 1008 κατέβαινεν
592 931 634 1002 εἰς
653 923 792 1002 Τόπους,
819 928 869 990 καὶ
887 926 1063 1010 ἀνέκαμπτε
1080 923 1171 990 πόλιν
1188 927 1240 990 διὰ

129 1037 190 1096 τῶν
208 1027 390 1114 Μαγγόναιν
406 1033 456 1096 καὶ
468 1030 692 1114 Ἀρκαδιανῶν,
710 1032 760 1094 καὶ
778 1029 916 1116 ἔφθασεν
934 1031 976 1108 εἰς
992 1029 1047 1113 τήν
1064 1028 1239 1118 ἀκρόπολιν.

130 1131 188 1218 εἶχε
207 1133 241 1199 δέ
258 1131 392 1220 πύργους
407 1133 442 1200 τό
459 1133 531 1198 ὅλον
547 1143 644 1217 τεῖχος
662 1134 754 1198 εἴκοσι
772 1131 858 1198 irrui.

233 1239 298 1302 Καὶ
322 1236 448 1322 τοιαύτη
470 1239 525 1321 μέν
549 1229 587 1321 ήν
609 1235 629 1322 ἦ
655 1241 702 1303 ἐπὶ
725 1244 779 1304 τού
802 1235 959 1317 Βύζαντος
981 1238 1240 1323 σχηματογραιγία

128 1345 184 1423 τῆς
199 1339 332 1418 πόλεως·
354 1341 374 1426 ή
394 1344 427 1406 δέ
445 1343 589 1429 δευτέρα,
607 1343 692 1408 καθὰ
712 1341 764 1407 διὰ
782 1348 837 1407 τοῦ
853 1339 986 1426 μεγάλου
1005 1343 1239 1408 Κωνσταντίνου

85 1443 264 1525 λοέκτιστο,
290 1447 371 1511 ἐστὶν
395 1445 483 1530 αὕτη.
535 1447 615 1512 nord
638 1447 693 1528 μέν
719 1445 754 1512 τό
778 1443 929 1532 παράλιον
952 1445 1044 1533 μέρος
1066 1446 1238 1531 προσετέθη

129 1548 191 1612 σἰπδ
217 1551 273 1631 μέν
299 1556 354 1634 τῆς
381 1547 575 1637 ἀκροπόλεως
601 1553 651 1614 καὶ
674 1555 729 1616 τοῦ
753 1549 898 1633 Εὖγενέου
925 1546 1042 1635 πύργου
1068 1551 1157 1634 μέχρι
1184 1554 1241 1613 τοῦ

128 1651 310 1738 Ζεύγματος
326 1661 381 1720 τοῦ
398 1652 484 1740 διγίου
499 1655 658 1719 Ἀντωνίου
667 1701 676 1732 ,
702 1653 763 1718 ἀπὸ
787 1655 820 1717 δέ
837 1659 898 1720 τῶν
914 1654 1107 1736 καλουμένων
1127 1649 1239 1716 Τόπων

127 1757 218 1844 μέχρι
234 1764 291 1841 τῆς
306 1755 473 1844 όπεραγίας
490 1755 639 1824 θεοτόκου
656 1767 711 1840 τῆς
724 1753 867 1838 Ῥόβδου.
917 1755 953 1822 τό
971 1759 1005 1822 δὲ
1018 1767 1162 1844 χερσαῖον
1179 1765 1241 1820 τεῒ-

125 1883 183 1942 χος
206 1861 362 1944 ἀνέβαινεν
386 1863 443 1938 έιυς
465 1863 500 1926 τὸ
526 1859 708 1939 ἐξανιόνιον,
736 1860 796 1924 ἀπὸ
823 1861 856 1924 δέ
878 1866 934 1925 τοῦ
950 1861 1052 1942 μιλιόο
1071 1858 1240 1946 προήρχετο
1260 1868 1283 1920 C

82 1972 119 2026 15
128 1964 219 2050 μέχρι
241 1972 296 2044 τῆς
322 1971 456 2041 παλαιοῖς
482 1961 598 2050 πόρνας
621 1971 676 2030 τού
699 1960 877 2049 προδρόμου
902 1965 953 2027 καὶ
981 1969 1036 2044 τῆς
1061 1970 1157 2046 μονῆς
1187 1968 1243 2026 τοῦ

128 2069 282 2132 Στουδίου
306 2070 357 2130 καὶ
381 2074 436 2150 τῆς
452 2069 619 2144 Εέκασίας,
645 2070 696 2131 καὶ
722 2064 861 2148 διήρχετο
885 2067 974 2152 μέχρι
991 2071 1046 2150 τῆς
1062 2063 1171 2132 Βιόνου
1189 2068 1242 2130 καὶ

130 2172 173 2244 εἷς
197 2168 250 2232 τὸν
273 2169 347 2234 ναόν
370 2177 430 2234 τῶν
454 2168 547 2254 όγίιον
562 2159 728 2256 μαρτύριον
743 2169 900 2251 Μανουήλ
917 2171 1021 2251 Σαβέλ
1038 2173 1088 2234 καὶ
1101 2168 1240 2252 Ἰσμαήλ,

129 2271 181 2335 καὶ
198 2269 366 2357 κατήρχετο
384 2275 427 2348 εἷς
444 2275 482 2338 τὰ
495 2269 676 2358 Ἀρματιόυ,
701 2275 750 2337 καὶ
775 2276 941 2358 ἐπληροῦτο
968 2276 1010 2349 εἷς
1026 2272 1078 2338 τόν
1094 2274 1168 2338 ναόν
1185 2279 1242 2339 τοῦ

130 2371 219 2458 ιλγίου
242 2375 412 2440 Ἀντωνίου.
466 2376 606 2462 διήρκεσε
632 2378 665 2440 δὲ
688 2376 722 2442 sd
747 2383 886 2442 τοιοῦτον
912 2384 1016 2460 σχήμα
1039 2383 1095 2442 τοῦ
1123 2381 1241 2460 τείχους

82 2477 181 2562 sodon
207 2475 315 2543 ἑκατὸν
337 2478 499 2565 τριάκοντα
525 2477 597 2559 δύο,
623 2481 695 2545 δέκα
720 2481 873 2563 βασιλέων
899 2479 1239 2567 αύτοκρατορησόντων.
1319 2488 1324 2498 ’

128 2577 145 2648 ό
164 2583 199 2647 δέ
215 2583 326 2670 μικρὸς
346 2582 512 2662 Θεοδόσιος
529 2587 572 2660 εἷς
588 2584 642 2649 τόν
658 2584 794 2668 πέμπτον
807 2581 920 2671 χρόνον
936 2592 992 2669 τῆς
1007 2588 1164 2666 βασιλείας
1181 2585 1240 2650 αό-

198 2745 294 2823 Ινόν]
313 2745 365 2799 coti
384 2747 416 2800 C.
445 2765 448 2781 ¹
524 2745 614 2801 λτιόν
632 2745 791 2810 Βυζαντίαν
809 2749 843 2801 O.
946 2747 964 2802 9
985 2741 1019 2800 dd
1040 2741 1121 2811 ἑτέρα
1136 2764 1241 2818 σχημα-

196 2814 354 2883 τογραφία,
372 2810 409 2883 ἣν
426 2810 605 2869 συντέθεικεν
623 2812 638 2868 ό
656 2812 741 2884 μέγας
756 2819 977 2876 Κανσταντῖνος.
1006 2815 1164 2885 προσέθηκε
1183 2817 1240 2870 τοί-

197 2902 251 2938 νυν
277 2880 310 2937 τδ
336 2890 427 2954 τεῖχος
452 2881 508 2938 ded
532 2885 583 2937 τού
606 2881 742 2953 Εὗγενίου
767 2883 845 2954 μέχρι
871 2887 923 2938 τού
946 2883 1029 2953 ἁγίου
1045 2882 1187 2938 Ἀντωνίου
1205 2888 1238 2944 C.

198 2958 233 3010 12
248 2950 397 3022 ζεύγματος
413 2953 462 3008 ιιαλ
478 2955 529 3008 τού
546 2955 712 3010 Lambeoius.
793 2955 824 3009 16
843 2953 892 3008 καλ
909 2951 1036 3022 διήρχετο
1054 2966 1115 3026 post
1132 2952 1241 3022 Βύνοιι,

199 3025 301 3108 omissis
318 3021 422 3109 ibium
438 3021 495 3092 είς,
512 3025 577 3146 γενέ.
600 3099 612 3148 t
680 3027 714 3108 lJ
728 3018 856 3148 ’ήσίρηιήμ
874 3017 905 3112 {v
922 3014 1047 3148 “3⁴13an
1058 3021 1240 3150 οἶνῃρεύηραγ

199 3109 456 3218 tt'tttntt‘tb
476 3112 598 3233 idonei
615 3112 791 3226 ndbssnt
809 3113 961 3233 ἔόλλιῖλῗ
988 3113 1167 3234 ἕιλέλλῗο.
1201 3113 1238 3153 θ’

130 3301 293 3370 appellatur,
322 3306 380 3355 eret
403 3302 463 3354 olim
479 3301 616 3355 terrestris
632 3309 711 3370 porta
728 3310 847 3373 tempore
865 3304 1003 3371 Byzantia.
1036 3304 1097 3356 hinc
1113 3304 1140 3356 in
1160 3306 1241 3358 Chai-

130 3371 249 3438 copratia
265 3371 392 3424 tendebat
408 3389 496 3424 murus
506 3410 515 3438 ,
543 3379 572 3424 et
588 3389 667 3442 porro
685 3391 768 3442 usque
786 3374 819 3425 ad
837 3374 990 3440 miliarium,
1018 3374 1064 3426 ubi
1081 3375 1166 3426 altera
1183 3383 1243 3428 erat

129 3449 207 3508 porta
225 3441 370 3494 terrestris.
404 3441 466 3492 inde
481 3441 645 3512 procedebat
671 3443 705 3495 ad
729 3443 850 3496 volatiles
868 3444 998 3496 columnas
1016 3443 1241 3512 'l'zycalariorum‚

129 3515 157 3560 et
174 3509 350 3562 descendebat
367 3509 401 3562 ad
413 3512 520 3581 Topos,
539 3517 567 3562 et
583 3528 674 3563 rursus
692 3512 852 3565 deflectebat
868 3531 916 3582 per
933 3514 1066 3580 Mangana
1083 3524 1109 3566 et
1126 3516 1241 3568 thermas

128 3577 306 3645 Arcadiam,
334 3584 414 3648 atque
439 3580 476 3632 ita
502 3582 602 3632 demum
631 3583 816 3636 revertebatur
844 3581 874 3634 in
902 3583 1056 3654 acropolim.
1090 3586 1243 3638 continebat

128 3655 216 3700 autem
235 3653 308 3700 totus
324 3665 413 3701 murus
430 3649 465 3704 27
482 3656 581 3704 turres.

234 3717 309 3768 Haec
325 3719 408 3786 igitur
425 3727 484 3771 erat
501 3721 573 3771 urbis
591 3720 675 3772 forma
692 3721 740 3772 sub
758 3721 894 3787 Byzantea
922 3719 1037 3772 secunda
1054 3739 1135 3788 vero,
1165 3741 1242 3792 quam

131 3803 148 3837 e
168 3785 342 3838 Constantino
359 3805 451 3858 magno
471 3789 588 3858 accepit,
606 3789 645 3840 ita
662 3807 690 3841 se
708 3790 797 3842 habet.
834 3790 903 3841 latus
921 3790 1024 3858 quidem
1043 3792 1196 3844 maritimum
1209 3793 1242 3843 ab

130 3855 248 3924 acropoli
267 3863 294 3907 et
312 3857 380 3908 turri
396 3858 512 3926 Eugenii
528 3867 676 3927 promotum
695 3866 836 3928 estusque
856 3859 888 3910 ad
907 3858 1024 3927 Zeugma
1042 3861 1070 3914 S.
1088 3861 1195 3914 Antonii
1213 3865 1241 3912 et

131 3924 255 3992 aTopis,
274 3925 308 3977 ad
334 3927 364 3978 S.
383 3927 427 3979 dei
450 3928 604 3998 genitricem
630 3929 783 3997 cognomine
799 3928 930 3980 Raudum.
965 3947 1056 3982 verum
1078 3949 1167 3983 murus
1184 3939 1240 3980 ter-

129 3995 223 4046 restris
241 4005 382 4063 protensus
401 4005 441 4049 est
459 4015 541 4066 usque
560 3997 789 4050 adHexaciouium
808 4005 837 4050 et
853 4015 869 4050 a
886 3997 997 4050 miliario
1015 4017 1099 4066 usque
1116 4000 1149 4051 ad
1167 4008 1243 4050 vete-

131 4081 185 4114 rem
202 4075 306 4132 portam
324 4065 508 4118 Praecursoris
526 4073 554 4118 et
572 4069 731 4120 monasteria
748 4068 835 4120 studii
854 4073 882 4119 et
898 4068 1016 4133 Icasiae3
1034 4069 1095 4119 inde
1113 4068 1242 4135 pergebat

131 4149 214 4200 usque
242 4134 274 4184 ad
296 4133 437 4188 cisternam
453 4136 520 4188 Boni
547 4144 575 4188 et
593 4139 715 4206 tempium
734 4138 786 4192 SS.
804 4145 947 4204 martyrum
964 4136 1085 4200 manuel,
1117 4135 1197 4186 Sobel
1216 4143 1243 4187 et

129 4201 240 4266 Ismae13
257 4203 319 4256 hino
337 4221 428 4258 rursus
446 4206 622 4259 descendebat
639 4208 672 4259 ad
690 4207 773 4260 locum
791 4214 967 4274 nuncupatum
985 4203 1131 4268 nanneni,
1151 4211 1178 4254 et
1196 4205 1242 4255 de-

129 4271 234 4322 sinebat
250 4271 278 4324 in
294 4275 390 4342 templo
404 4277 434 4328 S.
445 4275 564 4329 Antonii.
599 4277 664 4329 haec
675 4277 748 4330 urbis
758 4279 842 4329 forma
854 4275 964 4327 duravit
975 4288 1055 4352 annos
1060 4271 1134 4350 ¹132,
1151 4272 1241 4324 decem

129 4341 313 4408 imperatorum
329 4350 456 4415 tempore.
488 4345 654 4400 Theodosius
670 4365 734 4400 vero
753 4347 839 4400 iunior
855 4345 947 4412 quirrto
964 4343 1068 4408 impetn
1085 4355 1167 4404 auno,
1184 4357 1241 4391 cum
