2802 4636
198 311 249 380 80
355 299 358 306 Δ
535 307 751 378 GEORGIUS
776 309 964 378 conlutis

303 501 369 583 Τήν
392 495 557 586 ὖπεραγίαν
581 496 728 564 θεοτόκον
752 499 807 581 τήν
830 496 941 585 ὁδηγὸν
958 499 1090 582 Μιχαὴλ
1107 497 1124 567 ὃ
1141 507 1305 589 μεθυστής
1390 489 1391 578 l

198 605 330 681 έκτισεν,
357 600 391 678 tic
416 606 466 667 καί
492 603 628 690 ἀνῃρέθη
647 600 706 668 ὕπὸ
725 605 889 668 Βασιλείου
906 609 962 669 τοῦ
979 603 1172 682 Μακεδόνος.
1226 610 1304 696 πρό-

197 733 284 796 τερον
301 707 343 770 ,δέ
369 703 524 794 εόκτήριον
548 704 665 794 ὑπῆρχε
689 713 809 773 πολλῶν
834 713 959 793 τυφλῶν
984 709 1015 771 ἓν
1038 713 1077 794 τῇ
1101 710 1194 774 ε’κεΐσε
1221 721 1304 800 πηγῇ

159 812 375 895 ονιψαμένων
400 812 450 874 καὶ
472 809 665 894 βλεψάντων.
718 811 769 876 διὰ
796 809 831 876 τό
856 811 1031 895 ἀναβλέψαι
1048 803 1102 876 οὖν
1119 815 1213 880 ἓκεῒσε
1231 803 1303 894 τούς

194 914 330 1004 τυφλοὺς
346 913 462 997 έκλήθη
480 912 599 998 ὁὸηγός.
1309 935 1324 987 5

301 1019 346 1084 Τό
381 1021 570 1103 Καραβίτζιν
597 1017 655 1101 ’τήν
686 1014 834 1082 θεοτόκον
867 1015 884 1082 ὃ
918 1017 1008 1094 αὖτός
1035 1017 1131 1084 έκτισε
1158 1020 1303 1104 Μιχαήλ.

196 1120 314 1206 ἐκλήθη
343 1123 375 1186 δέ
403 1121 516 1202 οὕτως,
544 1120 590 1186 ὅτι
612 1119 696 1208 χήρα
722 1119 797 1206 γυνή
824 1147 870 1197 τις
895 1113 934 1205 ήν
959 1124 990 1186 έν
1015 1132 1078 1198 τοῖς
1098 1121 1222 1208 χρόνοις
1246 1133 1303 1189 τοῦ

194 1228 346 1310 βασιλέως
384 1226 537 1312 Θεοφίλου
572 1232 626 1290 τοῦ
661 1223 776 1312 πατρὸς
810 1225 904 1290 αὐτοῦ
910 1273 920 1304 ,
963 1224 1074 1308 ἔχουσα
1108 1231 1302 1314 κουμπαρίαν

193 1331 395 1416 παμμεγέθη,
428 1333 479 1394 καλ
509 1327 690 1415 καθήρπαξε
717 1327 829 1412 ταύτην
855 1327 1036 1414 Νικηφόρος
1059 1329 1259 1414 πραιπόσιτος
1286 1330 1302 1396 ὃ

195 1440 303 1511 elutior
329 1433 495 1520 ἄνθρωπος
518 1441 573 1498 τοῦ
598 1433 757 1515 βασιλέως.
808 1430 827 1516 ἡ
854 1435 887 1497 (λε’
907 1431 992 1519 χήρα
1015 1431 1160 1510 πολλάκις
1178 1437 1340 1518 ἕγκαλέ-Ιθ

195 1561 278 1604 σασα
294 1538 348 1603 τόν
362 1539 492 1620 βασιλέα
506 1536 605 1620 έμενεν
620 1538 807 1620 άόιοίκητος,
827 1539 1001 1620 κωλυομένη
1014 1534 1073 1601 ίιπὸ
1086 1544 1140 1602 τοῦ
1154 1537 1303 1625 ῥηθέντος

194 1645 407 1728 πραιποσίτου.
459 1638 676 1728 έξαπορήσασα
700 1634 753 1706 οὖν
777 1638 797 1726 ή
821 1641 896 1726 γυνή
919 1642 1006 1718 τινάς
1023 1648 1084 1706 τῶν
1101 1651 1301 1727 παιγνιωτῶν,

196 1748 231 1810 οἳ
250 1738 330 1830 ήσαν
355 1742 499 1822 εἰωθότες
515 1751 571 1811 τοῢ
587 1745 738 1827 βασιλέως
755 1742 881 1810 ἐνώπιον
898 1747 1031 1824 παίζειν,
1057 1747 1302 1830 προσεκαλέσατο

154 1875 179 1927 1)
199 1852 241 1926 εἰς
264 1847 426 1932 βοήθειαν.
478 1848 508 1912 οἱ
532 1850 565 1913 δέ
588 1845 753 1932 ὑπέσχοντο
778 1849 828 1913 διὰ
845 1857 984 1932 μηχανῆς
1002 1848 1083 1924 τινὸς
1100 1852 1303 1934 ὃηλοποιήσαι

194 1961 238 2041 τῷ
266 1959 396 2035 βασιλεῖ.
448 1956 499 2018 καὶ
525 1953 563 2038 δή
590 1953 714 2018 ίππικοῦ
738 1954 919 2034 τελουμένου
945 1954 1121 2039 καραβίτζιν
1139 1953 1301 2039 ἀγαγόντες
1310 1968 1339 2020 15

193 2057 272 2140 μετὰ
299 2057 448 2140 άρμίνου,
484 2059 535 2122 καὶ
561 2055 661 2122 ἐπάνω
686 2063 746 2122 τῶν
772 2063 889 2142 τροχῶν
914 2063 969 2139 τῆς
992 2053 1112 2140 ἁμάξης
1135 2056 1302 2141 θήσαντες,

194 2157 294 2226 εἷλκον
318 2161 378 2224 άπὸ
402 2168 463 2226 τῶν
487 2162 659 2246 καγκέλλων
682 2163 772 2247 μέχρι
795 2168 851 2226 τοῦ
871 2166 1034 2243 βασιλικοῦ
1050 2158 1224 2244 στάματος,
1252 2167 1302 2227 καὶ

262 2325 278 2376 l
304 2339 333 2390 p.
352 2323 387 2376 24
411 2323 495 2376 Band.
633 2317 687 2387 τήν
708 2317 879 2392 όπεραγίαυ]
905 2317 949 2376 ὅτι
971 2317 1038 2384 roris
1054 2317 1188 2390 Ὁιληγοός
1212 2319 1303 2378 ἔκτισε

260 2383 377 2458 Μιχαὴλ
388 2387 410 2444 ό
428 2385 590 2455 ἀναιρεθεὶς
604 2383 661 2444 ὑπὸ
680 2392 841 2459 Βασιλείου,
861 2385 1000 2460 πρότερὸν
1017 2387 1096 2446 οἷκον
1111 2387 1294 2460 ὑπάρχοντα·

262 2459 311 2513 καὶ
337 2462 448 2528 τυφλῶν
473 2460 583 2512 πολλῶν
607 2461 643 2530 τῇ
665 2453 752 2514 ἐκεῖσε
771 2457 839 2530 οὔσῃ
858 2465 933 2533 πηγῇ
952 2461 1177 2530 preponderat
1196 2457 1302 2534 ἑτέρων

263 2531 374 2582 πολλῶν
392 2527 549 2595 θαυμάτων
566 2525 720 2598 γεγονότων
737 2525 845 2599 ἐκλήθη
865 2527 975 2600 ὁδηγός.
994 2533 1027 2586 C.
1105 2526 1157 2599 τήν
1175 2527 1301 2602 ὁδηγὸν]

262 2595 328 2660 τοὺς
350 2593 470 2664 ὁδηγοὺς
493 2601 576 2668 neg„
607 2597 660 2666 τὴν
685 2594 857 2668 ὁδηγήτριαν
882 2601 960 2655 alius.
1065 2603 1082 2658 6
1107 2621 1135 2672 p.
1153 2602 1188 2655 32
1212 2603 1301 2657 Band.

263 2665 297 2720 τό
315 2663 471 2736 καραβικὸν
486 2663 539 2736 τήν
555 2663 708 2736 ῶτιεραγίαν
726 2673 758 2723 θ.
776 2671 843 2739 Reg.
920 2673 938 2727 8
957 2668 1218 2741 καραβοκουμπάρη
1237 2673 1298 2724 Vat.

265 2730 436 2806 9εῶμεγὲθη
454 2739 517 2791 vat.
622 2739 656 2792 12
674 2733 737 2792 τινά
754 2739 824 2808 ch.
920 2742 1095 2806 παιγνιωτῶν
1113 2741 1163 2793 τοῦ
1182 2739 1302 2793 ἴππικοῦ

264 2807 349 2876 Reg„
367 2806 418 2860 τοῦ
434 2802 612 2875 ίπποὸρόρου
629 2811 693 2862 Vat.
773 2810 807 2864 13
824 2805 1061 2878 προσεκαλέσατο]
1081 2805 1132 2876 τήν
1150 2805 1300 2876 άφαίρεσιν
1390 2855 1391 2874 η

262 2877 316 3000 {ll
329 2877 487 3000 ‘’l‘'ll‘l'ffl‘g
502 2876 856 3002 πίὲίλλίίίῗίῶὲῗλα
884 2879 1137 3002 ἷλέίλὲἶοίίῖαι]
1156 2879 1301 3002 {ttlttt
1390 2921 1391 2986 l

261 2968 377 3068 ἷππίίιοῦ
400 2966 543 3084 γῗίλινικοῶ
564 3019 628 3070 vat.
739 2968 916 3087 ίιοιραβίτζίν]
940 2967 1125 3086 loopnoqtl'v'
1142 2966 1245 3088 pltupllv
1269 3005 1301 3070 lv

260 3083 380 3154 σχήματι
395 3087 495 3138 πλοίου
515 3087 548 3138 C.

297 3223 434 3292 Templum
466 3224 496 3276 S.
520 3224 645 3294 deiparae
667 3224 820 3295 cognomine
843 3224 904 3276 viae
926 3224 1051 3278 ductricis
1073 3225 1226 3278 aedificavit
1247 3225 1303 3277 Mi—

195 3293 267 3345 chael
285 3293 433 3366 Methysta²
452 3310 527 3362 quem
544 3293 660 3346 Basilius
676 3295 786 3346 Macedo
804 3294 947 3347 interemit.
983 3295 1058 3363 prius
1075 3311 1139 3346 vero
1158 3295 1302 3348 oratorium

195 3368 254 3414 crat
278 3362 446 3430 complurium
473 3379 624 3431 caecorum,
651 3365 696 3432 qui
721 3365 746 3415 in
771 3365 842 3416 fonte
866 3365 920 3416 eius
945 3365 997 3416 loci
1020 3382 1050 3416 se
1070 3365 1192 3417 lavantes
1213 3366 1303 3416 visum

190 3439 362 3500 receperant;
388 3433 555 3500 quamobrem
576 3433 662 3504 ipsum
681 3451 785 3504 quoque
803 3435 924 3504 templum
941 3434 1003 3486 viae
1021 3435 1148 3488 ductricis
1165 3433 1303 3502 cognomi-

191 3505 279 3553 natum
297 3507 347 3556 est.

295 3569 439 3623 Ecclesiam
472 3571 502 3624 S.
529 3571 654 3642 deiparae
681 3578 853 3641 nuncupatam
880 3572 1034 3626 Carabitzin
1059 3573 1118 3626 sive
1143 3569 1304 3624 navicellam

191 3637 261 3691 idem
278 3640 394 3694 Michael
412 3641 551 3693 exstruxit.
587 3651 718 3696 caeterum
735 3645 768 3695 ob
786 3643 851 3694 hauc
870 3659 974 3694 causam
993 3643 1030 3694 ita
1048 3643 1231 3712 cognominata
1249 3648 1304 3694 cst.

191 3716 251 3760 erat
275 3711 354 3763 vidua
377 3711 501 3780 quaedam
519 3720 636 3780 tempore
654 3712 795 3782 Theophili
813 3712 898 3794 patris
915 3713 986 3777 eius,
1015 3729 1081 3780 quae
1100 3712 1233 3764 triremem
1251 3711 1303 3762 ha·

190 3778 273 3831 bebat
297 3781 380 3832 mirae
402 3781 607 3850 magnitudinis,
633 3799 741 3850 eamque
764 3780 1306 3852 vi1psieripuitNicephoruspraepc·
1390 3841 1391 3848 η

190 3849 273 3916 situs,
304 3849 461 3902 domesticus
485 3851 663 3920 imperatoris.
698 3857 725 3902 et
747 3851 811 3902 licet
831 3849 912 3902 vidua
930 3869 962 3903 ea
980 3850 1012 3902 de
1030 3869 1059 3902 re
1078 3851 1183 3921 saepius
1201 3851 1234 3902 ad
1254 3851 1306 3901 iru-

189 3927 341 3988 peratorem
360 3919 520 3988 appellaret,
545 3921 609 3970 adeo
628 3929 715 3972 tamen
732 3937 748 3972 a
763 3919 913 3988 supradicto
932 3922 1084 3990 praeposito
1102 3920 1306 3989 impediebatur

189 3995 219 4040 ut
242 3989 285 4043 ius
309 4007 381 4042 suum
408 3997 500 4040 contra
520 3989 605 4057 ipsum
633 3989 751 4041 obtinere
777 4007 830 4040 non
858 3999 955 4056 posset.
991 4007 1074 4058 quare
1099 3991 1132 4042 ad
1156 3993 1305 4040 extremam

190 4057 298 4112 detrusa
314 4057 523 4126 desperationem
541 4057 568 4109 in
587 4058 711 4111 auxilium
728 4059 838 4112 vocavit
855 4058 955 4124 aliquot
972 4076 1005 4110 ex
1023 4057 1121 4125 mimis,
1147 4058 1190 4126 qui
1209 4074 1303 4110 coram

187 4123 348 4195 imperatore
364 4125 447 4179 iocari
463 4125 595 4178 solebant:
615 4127 655 4179 illi
671 4145 736 4180 uero
755 4126 931 4196 promiserunt
948 4127 973 4178 ei
992 4145 1020 4178 se
1035 4127 1094 4178 dolo
1107 4127 1219 4196 quodam
1232 4127 1304 4178 hanc

187 4209 241 4246 rem
267 4194 420 4268 imperatori
443 4194 605 4247 indicaturos
630 4213 698 4249 esse.
734 4212 791 4248 cum
815 4195 897 4263 igitur
918 4197 973 4248 ludi
997 4197 1126 4248 circenses
1144 4204 1302 4264 agerentur,

186 4260 393 4320 introduxerunt
419 4263 564 4316 naviculam
590 4280 648 4316 cum
673 4266 798 4330 carbaso,
826 4281 902 4331 quam
925 4264 1012 4316 currui
1034 4265 1182 4332 impositam
1201 4284 1218 4317 a
1237 4282 1303 4318 can-

188 4329 260 4385 cellis
282 4353 366 4406 usque
389 4333 424 4388 ad
446 4334 538 4388 solium
561 4334 729 4404 imperatoris
752 4338 955 4403 protraxerunt,
980 4339 1008 4386 et
1029 4349 1116 4386 coram
1133 4334 1303 4404 imperatore
