2814 4608
493 199 551 268 ln
577 196 777 268 conum
799 156 969 270 norm
1199 205 1273 278 rra

168 376 545 531 entialiter
558 373 743 543 nott
772 381 996 527 Ψ
1015 382 1104 458 ..r
1134 395 1169 448 ¹²²

240 491 284 636 Pp.
306 553 367 638 108
388 571 415 613 ν.
436 551 486 616 16.
527 545 642 632 fuori]
668 546 759 611 huim
781 549 936 634 dignitatis
958 553 1033 615 alias
1052 556 1192 617 meminit
1210 558 1272 620 Co-

170 637 261 702 dinus
281 661 313 720 Ρ.
335 635 395 702 125
415 656 445 698 r.
466 638 497 703 8.
539 639 639 696 Line.

254 747 286 806 p.
312 723 373 786 109
393 741 422 781 v·
444 721 474 786 1.
517 712 760 798 Κοντοσκᾶλιον]
792 719 959 782 seeundum
986 721 1096 783 codini
1123 729 1273 807 etymolo-

169 811 252 892 giam
276 827 331 888 pro
360 801 585 870 Κοντοσκάλιον
603 803 769 884 legendum
788 817 867 866 esset
884 803 1086 873 κοντόσκελον.
1128 811 1181 870 sed
1203 833 1272 874 oum

170 903 284 957 constet
310 902 429 973 portam
457 889 536 950 hano
563 893 745 949 maritimam
772 890 880 968 fuisse,
910 895 1104 955 verisimilius
1131 907 1176 957 est
1204 918 1272 958 eam

168 973 382 1046 κοντοσκὰλιον
403 978 467 1037 sive
488 971 694 1040 κοντόσκαλον
711 978 894 1056 appellatam
910 979 1019 1056 flasse,
1040 979 1137 1041 idest
1156 983 1272 1043 scalam

163 1086 307 1148 parvam.
340 1055 454 1143 σκᾶλην
469 1062 551 1120 enim
566 1071 596 1120 et
610 1055 734 1124 σκόλιον
748 1063 1010 1124 Graeco-barbari
1022 1077 1131 1126 vocant
1142 1068 1273 1142 scalam,

166 1173 223 1234 per
248 1167 342 1233 quam
368 1145 407 1206 ed
425 1167 510 1207 mare
531 1143 732 1207 descenditur.
776 1147 926 1208 eiusmodi
946 1169 1017 1211 vero
1038 1153 1136 1210 eadee
1154 1156 1272 1213 meriti-

166 1258 236 1298 mae
257 1233 427 1313 complures
446 1233 533 1314 cpoli
549 1233 686 1308 fuerunt,
707 1242 742 1292 ut
760 1233 847 1292 soah
867 1235 1017 1315 Syoaena,
1038 1239 1124 1296 scala
1145 1239 1272 1298 chalce-

167 1323 320 1392 donensia,
356 1319 442 1377 reolo
475 1319 569 1390 areis,
603 1316 689 1377 scala
728 1319 855 1377 ttmaeii
887 1331 942 1381 eto.
985 1332 1136 1382 oeeterum
1164 1319 1273 1400 πόντος

168 1405 435 1468 Graeco-barbare
457 1403 566 1464 dicitur
581 1423 712 1482 parone.-
740 1405 783 1464 sio
804 1402 863 1465 hoo
881 1407 949 1466 looo
970 1403 1105 1468 cndinus
1125 1409 1168 1468 ait
1187 1412 1272 1470 cali-

167 1511 244 1552 num
272 1493 336 1552 sive
365 1491 559 1570 Agallianum
586 1509 604 1547 a
631 1488 771 1550 brevibus
792 1491 875 1551 tibiis
895 1484 1094 1556 nuntiaretur
1114 1497 1272 1574 cognomi-

167 1589 274 1637 natum
307 1575 412 1637 finisse.
456 1575 623 1656 eodemque
659 1573 751 1634 modo
787 1575 869 1656 apud
901 1575 1072 1638 cedrenum
1099 1578 1272 1660 Stephanus

167 1662 341 1724 scholarum
361 1660 592 1723 occidentalium
615 1657 795 1722 domesticus
817 1671 848 1721 et
867 1664 930 1722 Leo
950 1662 1163 1743 cephalleniae
1181 1685 1272 1746 prae-

166 1749 265 1808 fectus
303 1748 341 1808 ob
376 1747 581 1808 humilitatem
615 1755 746 1806 statinae
779 1745 1018 1826 κοντοστέφανος
1046 1759 1076 1809 et
1104 1748 1271 1814 κοντολέων

165 1843 387 1914 nuncupentur.
428 1835 503 1893 item
528 1828 709 1892 Theodorus
736 1833 819 1892 Petri
846 1835 998 1912 magistri,
1029 1835 1082 1915 qui
1103 1837 1157 1896 suh
1178 1837 1272 1895 lusti-

165 1923 257 1980 niano
278 1920 373 1996 vixit,
405 1917 485 1979 filius
505 1915 684 1998 κοντοχὲρης
704 1918 871 1999 appellatus
890 1919 965 1997 fuit,
992 1918 1075 2002 quod
1095 1921 1143 1980 illi
1162 1940 1270 1982 manus

167 2007 262 2065 alteru
282 2015 361 2064 esset
381 2003 508 2068 brevior.
550 2006 652 2062 Lana.

250 2109 283 2169 p.
306 2090 367 2153 109
387 2091 468 2154 u2.
510 2082 543 2151 τό
572 2088 681 2168 κτίσμα
707 2089 765 2150 τοῦ
790 2085 928 2169 λιμένος]
955 2087 1090 2170 loquitur
1117 2085 1157 2148 ‹le
1180 2098 1271 2170 portu

166 2175 356 2250 manufacto,
385 2175 439 2256 qui
463 2173 622 2253 proximus
649 2172 709 2232 fuit
734 2183 838 2252 portae
867 2175 1064 2252 Contosoelii,
1090 2185 1127 2233 ut
1144 2184 1271 2234 testatur

167 2258 387 2321 eruditissimus
421 2261 624 2340 scriptorio.
656 2259 858 2320 Leunolavins
884 2260 918 2318 in
946 2257 1043 2324 Pand.
1070 2260 1148 2323 Hist.
1176 2261 1270 2325 Ture.

165 2349 270 2406 Lanu.

248 2451 279 2510 p.
299 2427 361 2492 109
380 2449 410 2488 v.
428 2425 459 2494 4.
503 2449 609 2489 sensus
626 2439 687 2506 est,
709 2427 942 2487 Constantinum
955 2429 1183 2510 copronymum
1196 2449 1270 2510 pro-

163 2524 268 2596 pterea
293 2517 510 2576 monesterium
534 2525 651 2575 mutato
671 2515 798 2596 pristino
818 2515 942 2572 nomine
967 2516 1139 2598 Ψαρελαίου
1161 2516 1269 2594 appel-

163 2602 221 2660 lari
241 2601 381 2676 iussisse,
401 2610 436 2658 ut
455 2598 597 2658 illuderet
616 2597 788 2674 monachis,
812 2597 894 2678 quod
916 2601 1055 2660 continue
1076 2599 1269 2660 comederent

163 2687 280 2764 pisces:
305 2677 406 2764 ψᾶρια
426 2684 509 2740 enim
530 2684 791 2742 Graeoo-barbari
807 2685 906 2760 pisces
923 2695 1048 2761 vocant,
1071 2695 1102 2744 et
1120 2680 1268 2768 ψαρεύειν

160 2769 294 2848 piscari,
325 2776 355 2824 et
375 2769 589 2846 ψαροπωλεῖον
604 2768 710 2848 sorum
725 2768 901 2844 piscarium.
942 2771 1036 2828 simili
1056 2769 1119 2827 fere
1141 2772 1268 2830 cavilla-

165 2855 247 2912 tione
268 2853 372 2912 Cioero
395 2849 434 2908 ad
454 2852 629 2915 Atticum1
658 2849 698 2918 14
725 2853 890 2912 Lucullum
910 2861 941 2910 et
960 2855 1154 2914 Hortensium
1173 2855 1268 2934 pisci·

165 2940 264 2998 uarios
286 2937 428 3016 appellat.
470 2940 574 2996 Lanu.

249 3043 279 3102 Ρ.
302 3022 364 3086 109
385 3041 415 3087 v.
437 3019 488 3087 14.
532 3025 654 3083 Portam
691 3041 784 3104 quam
817 3021 876 3083 hoo
909 3023 977 3083 loeo
1013 3017 1146 3082 codinus
1178 3031 1268 3084 vooat

165 3107 344 3189 ψαμαθίαν,
368 3127 435 3166 eam
455 3109 620 3189 appellavit
640 3129 671 3189 Ρ.
690 3109 732 3172 73
753 3129 783 3170 v.
802 3109 842 3172 15
864 3103 920 3190 triv
940 3102 1054 3190 πόρταν
1073 3111 1130 3172 τοῦ
1156 3101 1267 3189 Ψαμά-

164 3201 244 3268 θου,
270 3191 303 3251 id
330 3203 375 3252 est
395 3204 518 3273 portam
544 3214 653 3253 arenae
674 3195 738 3253 sive
759 3195 864 3253 litoris.
906 3191 1163 3275 quemadmodum
1185 3195 1266 3254 anim

165 3277 246 3360 apud
276 3279 400 3339 Latinos
431 3299 539 3350 arena,
569 3282 612 3338 ita
641 3280 732 3339 etiam
760 3277 842 3360 apud
871 3280 999 3340 Graecos
1027 3272 1177 3359 ψάμαθος
1201 3289 1265 3338 tam

164 3366 265 3445 ipsum
291 3364 363 3423 lituo
392 3383 483 3444 quam
509 3385 634 3423 arenam
659 3364 794 3424 litoream
821 3365 979 3443 signifieat.
1022 3375 1172 3424 oaeteruru
1191 3383 1266 3446 pro-

164 3469 271 3530 gressu
296 3451 441 3530 temporis
469 3448 541 3510 huio
569 3469 687 3532 quoque
710 3461 814 3532 portae
836 3453 937 3510 evenit
956 3449 1039 3532 quod
1061 3451 1265 3530 compluribus

165 3538 232 3595 aliie
260 3537 349 3611 locis,
379 3545 415 3594 ut
440 3555 494 3616 per
520 3538 723 3616 ignorantiam
747 3537 831 3624 vulgi
858 3539 1016 3618 antiquum
1042 3546 1072 3596 et
1098 3538 1266 3617 genuinum

164 3641 274 3682 nomen
309 3617 447 3700 perderet
481 3631 512 3682 et
544 3642 599 3702 pro
631 3623 794 3704 ψαμαθεία
825 3624 1025 3702 appellaretur
1054 3617 1204 3703 ψαμαθέα
1234 3630 1266 3678 et

164 3703 335 3787 ψευμαθὲα.
377 3704 449 3765 hino
476 3717 559 3787 patet
587 3709 717 3768 rationes
745 3709 902 3788 nominum
929 3709 1011 3767 illius
1038 3717 1158 3786 portae,
1190 3724 1265 3786 ques

164 3793 197 3849 in
224 3793 392 3872 praesentia
420 3792 552 3852 codinus
579 3803 745 3869 memorat,
776 3794 899 3854 fiotioies
925 3813 991 3854 esee
1013 3802 1043 3852 et
1062 3794 1176 3852 nullius
1196 3809 1266 3850 mo-

164 3880 269 3936 menti.
318 3888 472 3958 preeteree
506 3877 674 3938 notandum
710 3889 755 3940 est
786 3899 849 3940 nou
879 3889 1000 3938 tantum
1028 3879 1115 3937 illam
1144 3886 1264 3956 portem

166 3964 408 4040 cognominatam
442 3964 536 4024 fuisse
570 3968 625 4028 τοῦ
660 3959 829 4048 papiano,
867 3963 921 4024 sed
956 3965 1047 4024 etiam
1080 3962 1264 4024 monasteria

163 4049 334 4126 gerocomia
360 4061 390 4120 et
410 4051 523 4130 palatia
543 4071 636 4130 prope
658 4071 725 4111 eum
747 4052 805 4111 sits
825 4049 908 4112 idem
925 4047 1066 4110 habuisse
1086 4065 1262 4128 cognomen,

164 4143 199 4190 nt
226 4151 315 4211 supra
341 4146 468 4196 testatur
494 4135 627 4197 codinus
653 4159 683 4218 p.
703 4134 745 4202 74
767 4158 795 4198 v.
817 4141 847 4201 1.
891 4133 1084 4216 corrigendus
1104 4133 1196 4213 igitur
1216 4143 1262 4192 est

165 4217 375 4280 Constantinus
398 4219 686 4303 Porphyrogenitus‚
710 4223 790 4304 apud
812 4243 903 4306 quem
924 4243 949 4282 o.
969 4220 1012 4286 48
1034 4217 1072 4277 (10
1093 4218 1259 4280 adminltlt·

209 4307 310 4380 ceorg.
331 4309 396 4363 (lod.
419 4313 452 4366 de
473 4313 549 4384 crr’g.
571 4314 619 4384 Cp.
1013 4299 1053 4365 18
