2808 4616
230 244 290 309 nn
315 237 524 309 annoauu
547 222 605 304 'ur
630 239 946 312 IMPERATORUM
970 246 1106 315 saara.
1145 246 1217 318 161

115 433 313 519 Χριστιανῶν
325 425 482 511 Ῥωμαίων
498 421 717 508 ἐπανάστασις,
747 430 797 494 καί
814 429 1013 516 ἓλεηλατίσθη
1030 441 1116 499 πάσα
1132 435 1219 519 ψυχὴ

116 537 169 600 καὶ
195 533 354 622 ἠφανίσθη
378 538 464 598 πάσα
489 530 597 614 σχεδὸν
622 529 727 617 δυτικὴ
748 530 839 620 χώρα
844 582 855 614 ,
884 531 943 598 ἀπὸ
964 536 1026 625 τὴν
1048 534 1219 624 Ῥωμαϊκὴν

119 631 198 704 odon
226 632 424 723 ἐπικράτειαν.
476 633 536 719 ἀψὲ
562 635 598 700 δί
622 661 694 702 ποτε
719 637 892 725 ἀγερθέντες
917 641 1013 723 δῆθεν
1039 640 1143 706 ἐκείνοι
1167 643 1219 707 καλ

118 737 304 828 ὁρμήσαντες
324 740 542 827 ἐκστρατεῦσαι
558 737 628 804 κατ’
647 739 764 820 αὐτῶν,
795 743 845 822 καὶ
863 741 918 806 οὐκ
935 741 1021 828 ὀλίγα
1036 745 1219 832 ἐπισυναγα-

90 841 218 931 sylvae<
242 839 472 930 στρατεύματα,
503 840 587 926 ὅμως
609 845 661 907 καί
687 841 783 921 οότως
804 844 881 927 μετά
904 850 959 929 τῆς
979 845 1135 933 συνήθους
1157 875 1218 916 νω-

113 951 223 1034 θρείας
244 945 266 1029 ῆ
291 947 404 1023 δειλίας
428 951 675 1032 περιπατοῦντες,
704 943 725 1029 ii
751 946 768 1012 ὅ
791 973 821 1012 τι
844 945 882 1012 ἀν
906 948 983 1014 είποι
1005 975 1066 1031 τις,
1095 954 1147 1018 καί
1164 954 1218 1019 διά

112 1057 175 1118 τῶν
190 1049 261 1115 κατ’
281 1053 427 1134 αἰγιαλῶν
442 1049 662 1134 κατερχομένου
678 1046 836 1138 κάπρων,
859 1054 910 1116 καί
928 1051 1112 1132 ἀπελθόντες
1127 1055 1218 1145 μέχρι

112 1161 175 1220 τῶν
198 1152 369 1237 Κυψίλων,
401 1149 417 1216 ὃ
442 1150 634 1242 αάτάδελφος
650 1152 744 1219 αὐτοῦ
761 1151 865 1241 κάριος
881 1155 1011 1234 Ἀλίξιος
1025 1154 1218 1244 δπαποιησά-

111 1283 204 1340 μενος
219 1256 255 1322 τὸ
272 1252 477 1342 στρατόπεδον
491 1257 545 1319 καί
554 1283 638 1333 τινας
650 1262 711 1322 τῶν
721 1253 944 1344 ἀπερεχάντων,
965 1262 1042 1342 μετὰ
1054 1270 1109 1328 τοῦ
1123 1265 1219 1331 advari

69 1376 106 1430 10
113 1367 213 1427 ταῦτα
231 1363 392 1425 αἰτιᾶσθαι
408 1357 461 1424 τὸν
478 1357 612 1447 ἀδελφὸν
629 1359 725 1424 αάτοῦ
737 1357 814 1448 άπερ
828 1361 918 1438 αὐτὸς
930 1364 1008 1444 μετά
1020 1364 1054 1430 ad
1069 1367 1217 1454 ἐγκρατὴς
1233 1384 1257 1437 Β

110 1465 258 1551 γενέσθαι
283 1467 340 1546 τῆς
361 1463 519 1546 βασιλείας
543 1463 792 1528 πολλαπλασίονα
816 1465 998 1545 ἐνεδείξατο,
1025 1467 1216 1556 ἀνηγορεύθη

111 1566 259 1650 βασιλεδς
286 1563 483 1654 αὐτοκράτωρ
510 1569 561 1630 καὶ
586 1563 715 1649 ἀμάχως
737 1563 879 1632 ἐκάθισεν
902 1569 949 1632 inl
966 1575 1020 1652 τῆς
1037 1577 1150 1656 σκηνῆς
1166 1577 1217 1638 καί

111 1677 169 1754 τῆς
194 1672 296 1753 κλίνης
319 1669 431 1750 αάτοῦ,
457 1672 570 1735 ἐκείνου
591 1669 668 1756 πρὸς
684 1671 859 1755 κυνηγέσιον
876 1670 1072 1750 ἀπελθόντος.
1121 1674 1140 1741 δ
1164 1680 1217 1742 καί

112 1773 228 1858 μαθὼν
244 1775 355 1851 ἐκεῖνος
372 1779 455 1863 φυγῇ
473 1771 634 1860 ἓχρῆσατο.
685 1770 779 1850 ἀλυδς
796 1774 931 1861 δὲπαρά
947 1782 1008 1841 τῶν
1025 1778 1140 1843 οἰκείων
1157 1783 1216 1845 ου’-

68 1883 186 1958 15τοῦ,
213 1879 263 1943 καί
286 1877 340 1954 oda
363 1877 394 1941 ἓν
417 1873 500 1953 τάξει
521 1875 663 1962 μεγάλων
686 1873 861 1963 ἀνθρώπων
884 1875 943 1960 εἶχε
960 1881 1011 1943 καί
1028 1878 1216 1950 πιστοτάτων

112 1979 302 2068 ἀνθρώπων,
324 1977 535 2067 ἀπετυφλοίθη
552 1983 583 2045 ίν
599 1988 639 2067 τῇ
654 1978 816 2071 κλεισοάρρι
831 1987 887 2064 τῆς
902 1978 1055 2066 Μάκρης,
1073 1987 1124 2049 καὶ
1141 1987 1217 2068 ἔβα-

112 2087 249 2151 σίλευσεν
276 2081 293 2147 ὅ
320 2081 423 2169 κάρτος
442 2082 572 2160 Ἀλίξιος
597 2081 648 2166 ἴση
675 2080 711 2162 ζ.
762 2081 830 2148 οάαἰ
857 2085 890 2148 δὲ
915 2083 970 2166 τῆν
991 2081 1161 2168 Ῥωμανίαν
1186 2090 1217 2156 ἓν

112 2188 240 2262 ἐκείναις
255 2193 323 2262 ταῖς
337 2183 483 2273 ῆμίραις·
510 2187 606 2252 adseri
621 2185 680 2273 γάρ
698 2183 943 2271 Σαρδαναπάλου
962 2184 1139 2272 διάγοντος,
1164 2195 1217 2258 καί

111 2289 191 2374 μηδ’
218 2288 297 2366 δ’λως
318 2287 396 2373 μήτε
419 2290 515 2354 αὐτοῦ
528 2288 605 2372 μῆτε
621 2295 682 2354 τῶν
697 2295 895 2374 θεραπευτῶν
912 2289 1007 2355 edroi
1023 2290 1131 2378 οἶανδῆ
1148 2320 1217 2362 τινα

67 2391 333 2480 2οστρατιωτικῆν
355 2391 377 2476 ῆ
401 2390 582 2478 ἀρχοντικῆν
608 2393 781 2474 οἰκονομίαν
806 2393 1069 2477 ἐνησχολημίνων,
1092 2397 1133 2462 τά
1158 2399 1255 2482 pire

109 2495 344 2586 περιλειφθέντα
371 2491 489 2581 κάστρα
514 2497 565 2560 καί
593 2495 626 2561 αἱ
648 2502 751 2583 χῶραι
775 2501 831 2578 τῆς
856 2494 971 2574 δόσεως
993 2499 1059 2564 λεία
1081 2496 1215 2586 Βλάχων

108 2595 249 2686 γεγόνασι
274 2602 326 2664 καὶ
342 2597 497 2683 Κομάνων
505 2647 516 2678 ,
541 2600 631 2686 μίχρι
648 2601 698 2664 καὶ
715 2597 816 2664 adreio
830 2607 891 2665 τῶν
907 2603 1083 2686 παραλίων,
1106 2608 1158 2670 καί
1174 2606 1214 2674 τά

109 2705 204 2770 πλείω
229 2703 262 2767 δὲ
286 2698 345 2766 ἀπὸ
368 2702 422 2767 τὸν
440 2699 628 2785 Ἰωαννίτζην
651 2699 790 2787 γεγόνασι
806 2704 883 2766 καθ’
903 2699 1076 2792 ὁλόκληρον.
1128 2708 1214 2786 τίλας

180 2864 199 2920 3
215 2855 380 2930 ίγερθὲντος
396 2862 487 2932 δῆθεν
503 2857 610 2918 ἐκείνου
625 2859 673 2917 καί
689 2857 907 2935 δρμῆσαντος-
917 2857 1167 2934 ίπισυναγαγόντος
1177 2898 1211 2912 -

179 2931 449 3000 περιπατοῦντος-
467 2929 664 2997 &aamercort
753 2927 1045 3005 sustentatos?
1064 2951 1098 2990 en
1116 2931 1210 2991 odedi

110 3078 140 3128 et
162 3070 335 3140 Bulgarorum
360 3071 486 3124 adversus
509 3073 673 3128 Christianos
689 3073 834 3141 Romanos,
860 3089 912 3143 quo
930 3072 1014 3126 omnis
1031 3073 1114 3126 anima
1131 3090 1213 3143 prae·

109 3143 197 3196 dando
215 3143 325 3210 abacta,
343 3147 371 3193 et
386 3145 444 3194 tota
460 3145 517 3195 fere
534 3143 702 3197 occidentalis
716 3146 789 3214 regio
804 3144 931 3214 potestati
945 3143 1078 3196 Romanae
1092 3145 1212 3198 subiecta

109 3215 251 3266 devastata
269 3215 320 3263 est.
355 3211 402 3263 sed
419 3227 476 3264 cum
491 3211 570 3282 longo
588 3215 691 3267 tandem
705 3222 768 3283 post
782 3221 898 3283 tempore
908 3213 1019 3265 Romani
1030 3213 1213 3282 expergefacti

110 3280 306 3352 expeditionem
330 3280 359 3332 in
381 3297 426 3332 eos
447 3289 588 3352 pararent,
612 3290 639 3334 et
661 3301 713 3336 non
735 3284 879 3337 mediocres
902 3282 1053 3350 coegissent
1071 3283 1211 3350 exercitus,

110 3358 139 3404 et
163 3350 330 3403 nihilominus
346 3355 433 3403 tamen
450 3368 507 3404 cum
524 3352 602 3404 solita
618 3351 726 3422 pigritia
743 3360 771 3406 et
781 3353 924 3406 timiditate
939 3351 1128 3421 procederent,
1153 3370 1211 3406 cum

110 3421 144 3473 ad
167 3419 283 3488 Cypsela
301 3427 456 3488 perventum
474 3428 556 3490 esset,
582 3423 668 3474 frater
684 3423 848 3492 imperatoris
865 3421 985 3474 dominas
1001 3422 1125 3490 Alexius,
1149 3439 1213 3474 con-

109 3488 198 3542 ciliato
216 3489 269 3542 sibi
285 3489 380 3542 lavore
396 3491 526 3543 exercitus
543 3496 572 3543 et
588 3493 748 3560 quorundam
766 3509 854 3545 eorum
872 3491 918 3560 qui
934 3491 959 3544 ei
975 3497 1129 3560 praeerant,
1155 3493 1211 3544 fra·

108 3563 177 3611 trem
200 3575 275 3612 suam
299 3575 387 3612 earum
411 3577 497 3613 rerum
519 3561 639 3614 incusare
657 3563 746 3631 coepit
763 3578 827 3631 quas
843 3561 914 3630 ipse,
941 3567 1079 3630 postquam
1096 3561 1209 3629 imperio

108 3627 212 3699 potitus
229 3634 284 3694 est,
309 3629 389 3681 multo
405 3629 514 3699 amplius
532 3630 671 3698 commisit,
698 3639 725 3682 et
739 3630 882 3701 imperator
898 3630 1027 3682 salutatus
1043 3630 1134 3683 solium
1153 3630 1211 3683 eius

109 3698 169 3751 sine
193 3697 371 3752 controversia
393 3700 542 3769 occupavit.
577 3717 628 3770 quo
646 3701 737 3752 audito
753 3701 894 3770 imperator
909 3699 1040 3767 isaacius,
1068 3699 1113 3769 qui
1129 3716 1212 3754 vena-

109 3773 166 3818 tum
183 3765 284 3834 iverat,
311 3769 400 3836 fugam
414 3769 543 3822 tentavit:
572 3771 619 3822 sed
634 3771 730 3839 'captus
746 3785 761 3821 a
778 3767 949 3821 familiaribus
965 3768 1035 3836 suis,
1063 3786 1129 3839 quos
1145 3783 1211 3838 prae

110 3837 223 3890 caeteris
248 3837 334 3906 magni
357 3839 542 3892 aestimaverat
562 3839 667 3908 sibique
685 3836 840 3905 fidissimos,
865 3843 1019 3892 excaecatus
1037 3839 1122 3891 estin
1139 3838 1212 3890 elsu-

110 3909 169 3957 stro
187 3905 308 3974 Macrae,
325 3906 518 3978 imperavitque
534 3909 652 3962 dominus
668 3908 776 3961 Alexius
789 3924 870 3960 annos
883 3907 908 3962 7.
943 3923 993 3960 vae
1010 3915 1097 3961 autem
1113 3907 1211 3958 Roma-

109 3974 171 4026 niae
195 3975 223 4028 in
245 3975 297 4028 illis
320 3976 428 4030 diebus!
463 3979 622 4048 imperatore
645 3980 714 4030 enim
737 3975 909 4046 Sardanapali
930 3977 1015 4030 instar
1030 3978 1155 4040 vivente,
1181 3975 1209 4024 et

109 4057 196 4110 neque
217 4044 276 4113 ipso
299 4062 385 4114 neque
406 4047 528 4101 ministris
552 4048 608 4100 eius
631 4048 664 4101 ad
686 4047 825 4102 militarem
844 4046 1006 4114 disciplinam
1029 4050 1056 4097 et
1076 4044 1209 4112 guberna-

108 4111 208 4165 tionem
229 4114 331 4183 imperii
346 4115 471 4186 intentis,
495 4118 576 4170 multa
591 4134 625 4170 ex
639 4117 746 4188 reliquis
763 4117 857 4170 castris
874 4123 902 4168 et
918 4114 1070 4184 regionibus
1088 4109 1211 4164 occiden-

109 4180 209 4234 talibus
232 4187 260 4232 et
281 4182 417 4238 maritimis
439 4187 467 4239 in
489 4187 672 4240 Walachorum
689 4193 717 4240 et
735 4189 908 4241 Cumanorum
923 4187 1078 4254 potestatem
1096 4178 1210 4230 devene-

110 4256 188 4316 runt,
211 4249 323 4319 plurima
346 4269 416 4307 vero*
426 4255 531 4326 integre
548 4273 565 4310 a
581 4257 718 4311 Ioannitze
735 4263 862 4328 occupata
877 4262 947 4308 snut.
981 4249 1087 4302 tandem
1103 4262 1209 4318 quoque

154 4326 257 4399 (λοοκς.
278 4327 342 4380 Cori.
363 4331 396 4384 de
417 4333 493 4406 orig.
515 4335 564 4406 Cp.
960 4317 1000 4381 ll
