2808 4616
182 246 256 318 180
523 239 698 308 INCERTI
724 237 937 304 AUCTOlllS

180 437 280 524 μΙσθη
297 430 382 520 παρδ
397 437 461 508 τοῖς
476 429 581 517 μέρεσι
598 430 649 494 καὶ
666 426 752 514 παρὰ
765 433 829 502 τοῖς
842 423 971 513 ἀρχουσι
983 428 1039 506 τῆς
1053 422 1148 507 αὐτῆς
1161 421 1292 502 πόλεως.

181 534 355 626 Κανονάρις
378 535 413 600 δέ
436 530 606 622 φιλόσοφος
623 534 654 597 ἓν
670 527 785 618 ἀφηλῷ
801 525 885 618 τόπῳ
903 527 1043 594 ἀνελθὼν
1059 527 1138 612 μετὰ
1153 528 1189 594 τὸ
1208 535 1294 596 παῦ-

181 673 234 714 σαι
256 643 327 719 τοδς
344 637 453 724 όχλους
468 636 586 725 μεγάλῃ
604 641 693 725 φωνῇ
709 635 832 720 ἔκραξεν
851 630 951 720 “ὕπδρ
970 630 1127 718 προγόνων
1143 633 1189 716 μὴ
1209 630 1294 720 φρό-

143 767 227 822 caet
250 745 266 814 ὃ
291 752 351 812 τῶν
373 739 528 830 προγόνων
545 738 767 826 καθαιρέτης.”
821 735 855 805 ὃν
873 734 889 802 ὃ
907 739 1138 814 Κωνσταντῖνος
1153 763 1294 820 μετακα-

181 848 344 935 λεσόμενος
367 844 558 934 συνεκρότει,
583 847 634 910 καὶ
656 838 820 930 παρεκάλει
842 847 951 907 τοῦτον
968 837 1152 906 παόσασθαι
1169 839 1318 925 tutavi-5

181 960 249 1040 ζειν.
300 952 317 1019 ὃ
345 952 378 1018 δέ
401 953 512 1041 ἰσχυρᾷ
528 955 568 1039 τῇ
583 954 643 1036 βοῇ
659 945 735 1034 ἀπέρ
753 942 910 1032 προγόνων
926 947 977 1010 καλ
995 939 1199 1028 ἀποθνήσκειν
1217 942 1294 1010 ἑλό-

180 1085 288 1145 μενος,
323 1051 545 1142 ἐκαρατομήθη
570 1055 603 1118 έν
630 1060 695 1128 τοῖς
721 1048 824 1127 αάτοῖς
850 1049 1025 1135 Βιγλεντέου
1052 1045 1210 1132 έμβόλοις,
1245 1053 1294 1126 εἰς

183 1161 282 1252 φόβον
297 1166 358 1226 ταῖν
376 1156 641 1245 καταλειφθέντων
657 1157 689 1218 Γ
685 1151 775 1234 ἀζων.

142 1281 167 1337 D
281 1261 329 1330 ‘H
349 1260 445 1346 στήλη
469 1259 489 1346 ἦ
514 1262 546 1326 έν
569 1267 614 1349 τῷ
637 1257 725 1346 φόρῳ
750 1255 866 1334 πολλὰς
890 1251 1047 1345 δμνῳδέας
1073 1253 1206 1332 ἐδέξατο.
1257 1255 1292 1320 έν

182 1369 261 1456 αὐτῇ
284 1368 319 1434 τδ
344 1367 528 1449 πολίτευμα,
553 1366 604 1432 καλ
622 1359 785 1448 Ὀλβιανδς
807 1359 953 1446 ἴπαρχος,
979 1361 1031 1424 καὶ
1054 1359 1084 1422 οἳ
1105 1355 1287 1446 σπαθάριοι,
1298 1372 1334 1424 10

183 1473 212 1540 οἶ
241 1469 440 1548 κουδικέλιοι,
465 1471 515 1534 καλ
541 1465 604 1552 μήν
629 1467 680 1532 καλ
707 1461 902 1551 σιλεντιάριοι
927 1462 1006 1548 μετὰ
1032 1469 1135 1550 κηρῶν
1161 1459 1290 1546 ἀψεκεό-

183 1602 306 1655 σαντες,
331 1572 442 1650 λευκὰς
465 1571 577 1648 στολὰς
598 1569 767 1660 ἀμφότεροι
791 1567 1056 1655 περιβεβλημένοι,
1082 1565 1142 1631 ἀπδ
1160 1573 1215 1632 τοῦ
1232 1593 1291 1631 κα-

183 1679 332 1763 λουμένου
357 1677 469 1762 ἀρτίως
495 1675 701 1761 Φιλαδέλφου,
727 1669 795 1738 τότε
814 1674 847 1740 δὲ
862 1673 1074 1757 Προτεέχισμα
1091 1667 1291 1752 καλούμενον,

183 1785 216 1850 έν
239 1778 285 1859 οἷς
307 1783 358 1846 καλ
382 1777 481 1866 πόρτα
505 1770 544 1863 ἦν
566 1776 600 1846 sd
622 1776 770 1864 πρότερον
786 1773 846 1842 ἀπὸ
864 1773 975 1861 Κόρου
993 1779 1290 1853 κατασκευασθεῖσα,

184 1883 348 1972 ἀνήνεγκαν
377 1883 582 1966 ἐποχουμένην
612 1885 655 1959 εἰς
682 1877 846 1969 καροόχαν.
899 1876 941 1956 ὥς
964 1880 998 1944 δὲ
1021 1876 1038 1943 ὃ
1061 1874 1290 1964 διακρινόμενός
1299 1889 1333 1941 15

144 2008 169 2062 Ε
188 2017 297 2080 φησιν,
323 1985 370 2055 ὅτι
394 1989 427 2052 ἔκ
449 1994 505 2071 τῆς
528 1985 716 2070 καλουμένης
737 1978 948 2070 Μαγναόροις·
974 1985 1006 2048 έν
1029 1977 1074 2059 οἷς
1090 1983 1120 2046 έν
1136 1989 1178 2068 τῷ
1196 1977 1291 2070 φόρῳ

182 2101 325 2171 τεθεῖσα,
351 2093 402 2156 καὶ
428 2088 560 2168 πολλός,
587 2085 629 2166 ὥς
655 2091 849 2176 προεέρηται,
874 2085 1030 2174 ὖμνῳδέας
1056 2086 1219 2168 δεξαμένη,
1246 2088 1292 2162 εἷς

185 2195 291 2278 Τόχην
315 2199 371 2276 τῆς
393 2191 509 2269 πόλεως
533 2191 748 2278 προσεκυνήθη
773 2191 858 2279 παρά
880 2189 1017 2271 πόντων,
1044 2190 1076 2255 έν
1103 2185 1150 2266 οἷς
1174 2191 1224 2255 καλ
1249 2189 1291 2255 τὰ

185 2299 332 2384 έξέρκετα.
384 2294 512 2376 ἔσχατον
528 2293 649 2360 πόντων
663 2293 784 2378 ductito
802 2297 833 2362 έν
849 2301 894 2383 τῷ
910 2295 1002 2373 κίονι,
1020 2299 1075 2360 τοῦ
1093 2293 1194 2380 ἱερέως
1208 2291 1289 2378 μετά

182 2407 238 2484 τῆς
260 2405 345 2482 λιτῆς
365 2393 607 2485 παρεστηκότος,
631 2400 682 2462 καλ
699 2396 735 2464 τό
755 2395 860 2484 “adpre
878 2397 1024 2481 έλέησον”
1049 2391 1172 2464 πόντων
1186 2393 1330 2479 fiodo-2⁰
1386 2445 1387 2448 ε

184 2531 246 2570 των
268 2505 299 2568 έν
320 2497 348 2588 ρ’
367 2499 499 2588 μέτροις.
549 2500 649 2566 πολλὰ
665 2492 719 2567 οὖν
736 2498 752 2565 ὃ
771 2500 998 2588 διακρινόμενος
1015 2497 1136 2568 ἀνωθεν
1152 2507 1207 2568 τοῦ
1223 2501 1290 2568 nlo·
1386 2505 1387 2589 l

183 2631 235 2684 νος
259 2603 368 2694 φάσκει
393 2601 559 2691 πράγματα
584 2610 728 2688 τεθῆναι,
754 2603 832 2670 ἔνθα
855 2601 875 2689 ή
901 2602 997 2690 στήλη
1019 2608 1159 2685 λ’σταται,
1186 2606 1218 2670 έν
1242 2601 1290 2682 οἷς

184 2711 234 2776 καλ
247 2707 371 2795 χαραγή
387 2707 530 2792 βασιλική
547 2711 780 2774 Κωνοταντένου
797 2706 817 2792 ἡ
837 2710 980 2793 λεχομένη
995 2711 1188 2797 σωτηρέκιος,
1203 2709 1290 2791 χέλια

143 2810 373 2902 Εκεντηνάρια.
424 2809 492 2880 τότε
517 2811 696 2900 εὖφημέσθη
720 2809 741 2898 ἦ
764 2812 851 2890 πόλις
867 2817 1018 2898 κληθεῖσα
1036 2809 1289 2879 Κωνσταντινοό-
1385 2871 1386 2886 ,

183 3027 235 3079 que
251 3007 484 3063 acclamationibus
502 3013 628 3078 exceptus
645 3025 677 3060 ac
695 3007 842 3062 celebratus
859 3013 911 3062 est.
945 3007 1094 3062 canonaris
1104 3012 1191 3062 autem
1202 3006 1291 3076 philo·

178 3076 1291 3217 allicitisllll?till‘discutititur›ffllttlttul

182 3218 377 3274 Constantinus¹
397 3217 499 3270 lenibus
523 3186 680 3270 hortabst’ur
703 3217 781 3270 dictis
803 3223 834 3269 ut
854 3217 1033 3288 paganismum
1050 3166 1193 3288 plrofitendi
1209 3217 1291 3269 finem

180 3286 291 3340 faceret.
325 3286 369 3338 ille
386 3303 451 3338 vero
467 3287 528 3340 dum
544 3285 617 3338 edita
634 3303 700 3340 voce
718 3288 812 3339 clamat
828 3303 857 3338 se
872 3305 919 3355 pro
933 3283 1074 3338 maioribus
1085 3293 1193 3338 mortem
1205 3301 1290 3355 oppe-
1383 3307 1384 3312 ¹

180 3354 303 3422 titurum,
324 3355 412 3425 capite
428 3371 521 3408 caesus
538 3355 566 3408 in
582 3355 672 3408 iisdem
689 3357 724 3410 ud
740 3355 876 3424 Viglentia
889 3356 1037 3428 porticibus
1047 3355 1161 3408 residuis
1173 3353 1290 3408 Gazaeis

180 3423 289 3476 ἀωεαδί
306 3425 424 3492 exemplo
442 3425 503 3478 luit.

284 3492 380 3544 Statua
397 3493 424 3544 in
441 3493 501 3546 foro
518 3492 606 3561 posita
623 3491 712 3546 multis
729 3493 849 3546 cantibus
867 3497 995 3546 exornata
1012 3491 1072 3546 fuit.
1107 3491 1175 3544 hanc
1195 3489 1290 3561 populi

179 3564 286 3628 coctus,
305 3561 487 3631 Olbianusque
504 3563 668 3630 praelectus,
686 3561 831 3631 spatharii,
847 3562 1012 3616 codicillares
1028 3579 1060 3614 ac
1075 3561 1217 3615 silentiarii
1230 3577 1292 3612 cum

179 3631 265 3683 cercis
289 3632 459 3698 comitantes,
485 3631 595 3684 candido
614 3631 719 3700 utrique
737 3631 849 3699 amictu,
875 3648 891 3684 a
907 3632 965 3686 loco
982 3649 1052 3685 nunc
1069 3630 1290 3700 Philadelphium,

178 3707 242 3753 tunc
267 3705 354 3752 autem
376 3701 546 3754 Antemurole
569 3701 655 3769 dicto,
682 3700 727 3754 ubi
752 3700 829 3753 otiam
852 3709 931 3769 porta
954 3709 1014 3755 erat
1037 3719 1054 3754 a
1078 3703 1148 3754 Caro
1172 3705 1291 3768 structa,
1382 3753 1383 3758 ,

179 3785 257 3822 curru
282 3775 385 3822 vectam
410 3771 573 3823 extulerunta
599 3778 629 3823 ut
646 3776 731 3822 autem
749 3769 881 3824 haesitans
898 3770 940 3823 illo
957 3778 1065 3836 narrat,
1093 3770 1290 3839 aMagnaura,

179 3847 209 3891 ut
224 3845 334 3904 vocant,
357 3837 454 3891 ibidem
470 3840 498 3892 in
515 3842 572 3892 foro
590 3839 733 3892 constituta
749 3840 870 3892 laudibus
887 3842 1048 3912 canticisque
1065 3838 1170 3908 multis,
1186 3845 1216 3891 nt
1232 3837 1291 3892 iam

177 3907 275 3961 dictum
292 3913 347 3971 est,
367 3919 507 3974 exornata,
526 3910 559 3961 ab
576 3909 695 3961 omnibus
710 3909 744 3961 ab
759 3909 867 3980 ipsoque
879 3911 1010 3978 exercitu,
1028 3917 1153 3979 tanquam
1165 3910 1290 3961 Furtum

177 3978 250 4030 urbis
274 3977 384 4030 adorata
407 3983 457 4028 est.
493 3977 593 4030 demum
616 3977 643 4029 in
667 3977 784 4031 columna
801 3987 904 4047 erecta,
932 3981 1054 4033 adstante
1072 3996 1104 4032 ac
1121 3977 1290 4050 supplicante

177 4047 330 4113 sacerdote,
364 4045 518 4113 cunctisque
540 4041 662 4100 “domine
688 4043 832 4101 miserere”
857 4048 956 4102 centies
982 4049 1200 4102 acclamantibus.
1248 4047 1290 4099 ait

177 4129 257 4180 porro
281 4113 416 4168 haesitans
440 4115 522 4164 multa
544 4129 624 4184 super
641 4116 796 4182 columnam,
815 4133 867 4187 quo
884 4125 973 4172 statua
991 4117 1174 4183 innitebatur,
1201 4115 1289 4170 fuisso

177 4183 309 4249 reposita3
335 4183 362 4236 in
380 4184 465 4251 iisque
483 4182 603 4250 signatae
621 4183 790 4238 Constantini
806 4195 940 4256 monetae,
966 4203 1043 4256 quam
1061 4186 1216 4240 sotericium
1235 4202 1288 4238 vo-

177 4257 252 4318 cant,
270 4255 339 4308 mille
356 4250 516 4309 centenaria.
550 4257 613 4306 tuuc
629 4254 719 4308 multis
735 4253 963 4310 acclamationibus
976 4256 1064 4326 cpolin
1077 4256 1211 4325 appellata
1222 4255 1288 4322 fuit,
