2808 4616
152 199 228 273 120
486 193 703 267 GEORGIUS
731 193 920 261 GODINUS

249 384 288 454 Ὁ
311 386 460 474 τρίκλινος
481 389 537 451 τοῦ
557 379 693 470 μεγάλου
710 380 943 449 Κωνστοιντίνου
961 377 1078 465 λέγεται
1094 381 1259 468 Μαναῦρα

153 495 206 562 διά
222 492 275 558 τόν
291 485 404 578 τρόπον
419 493 566 554 τοιοῦτον.
612 477 810 568 Ἀναστάσιος
824 483 969 568 βασιλεὺς
986 479 1002 550 ὅ
1021 485 1142 571 δίκορος
1155 491 1200 574 τῷ
1214 483 1257 562 κς’

151 599 210 664 ἴτει
236 602 291 678 τῆς
315 592 472 676 βασιλείας
498 595 592 657 αὐτοῦ
619 593 670 656 καὶ
696 595 740 678 τῷ
765 586 900 678 τετάρτῳ
925 589 1015 672 μηνί,
1045 593 1184 674 βροντῶν
1209 591 1260 653 καί

152 703 316 786 ἀστραπῶν
333 698 401 783 περὶ
417 695 452 761 τδ
469 691 618 760 παλάτιον
635 692 831 776 εἰλουμένων,
855 692 1018 776 ἀδημονῶν
1029 695 1081 756 καὶ
1097 691 1140 776 μὴ
1158 692 1260 780 φέρων

152 807 186 871 lu
211 799 305 868 τόπου
331 803 373 878 εἷς
395 798 488 864 τόπον
505 798 621 886 ἔφευγε.
672 799 723 862 καὶ
741 796 778 880 δή
798 794 975 862 εἰσελθόντα
993 798 1035 871 εἷς
1051 793 1105 860 τόν
1121 803 1284 861 τοιοῦτσν5

150 908 301 995 τρίκλινον
327 903 491 984 κατέλαβεν
517 905 611 968 ε’κεῖσε
640 900 732 966 αὐτὸν
758 897 777 984 ή
805 901 880 989 ἀργή
906 906 961 965 τοῦ
987 904 1082 964 θεοῦ·
1114 895 1171 964 ἀπὸ
1198 898 1262 986 γάρ

150 1015 284 1096 βροντῆς
306 1010 412 1090 βιαίας
434 1009 485 1071 καί
508 1011 656 1094 κεραυνοῦ
681 1004 741 1070 ἀπέ
768 1008 818 1081 υξε
842 1005 893 1068 καὶ
916 1003 1029 1090 ἐγένετο
1046 1003 1263 1088 πυρίκαυστος.

111 1111 203 1180 Bisa
232 1114 265 1178 δὲ
293 1111 483 1196 ἀπέθνησκε,
510 1116 598 1198 φωνῇ
624 1105 741 1195 μεγάλῃ
769 1105 828 1196 ἔφη
858 1097 907 1172 “oi
933 1110 1051 1184 Μανῶ,
1074 1103 1134 1172 ὑπὸ
1163 1104 1264 1194 αῦρας

151 1213 360 1298 ἀπόλλυγιαι.”
415 1219 465 1279 καὶ
483 1215 535 1280 διά
552 1220 642 1279 τοῦτο’
660 1209 777 1296 ε’κλήθη
796 1208 812 1278 ὅ
831 1212 980 1298 τρίκλινος
995 1213 1168 1297 Μαναῦρα.

256 1320 303 1384 Τὸ
325 1319 426 1404 Σίγμα
442 1317 498 1401 τήν
515 1313 661 1382 θεοτόκον
677 1321 798 1404 πρῶτον
814 1316 869 1398 μὲν
887 1311 903 1378 ὃ
920 1315 1015 1400 μέγας
1031 1316 1261 1392 Κωνσταντῖνος
1269 1323 1301 1378 10

153 1421 284 1501 έκτισεν,
312 1419 374 1486 εἶτα
399 1421 433 1485 δὲ
457 1419 674 1497 ’Ῑουστινιανδς
692 1417 708 1485 ὃ
725 1419 820 1506 μέγας
837 1419 980 1484 ἀνέκτισε.
1030 1418 1108 1501 μετά
1127 1420 1160 1482 δὲ
1177 1443 1263 1503 τρια-

153 1523 245 1592 κόσια
269 1525 363 1590 εἴκοσι
387 1523 467 1589 ἀκτῶ
485 1523 536 1608 ἴση
554 1526 586 1590 έν
602 1529 641 1611 τῇ
658 1523 881 1612 αῦτοκρατορίηι
898 1523 1059 1588 Βασιλείου
1077 1527 1134 1588 τοῦ
1150 1525 1263 1586 Μακε-

155 1627 259 1708 δόνος,
286 1633 413 1711 σεισμοῦ
429 1625 561 1714 μεγάλου
579 1623 751 1713 γεγονότος,
777 1623 957 1710 συνεστάθη
976 1631 1129 1701 παντελῶς
1147 1621 1163 1689 ὁ
1181 1623 1264 1704 ναός,

154 1735 187 1800 ἓν
204 1729 304 1823 ήμίρηι
321 1736 468 1819 κυριακῇ,
493 1730 588 1815 μηνὸς
600 1731 795 1817 Ἰανουαρίου
812 1727 858 1810 θ’,
884 1737 938 1796 τοῦ
955 1725 1040 1814 ἀγιόυ
1053 1725 1263 1808 Πολυεόκτοο,

155 1838 208 1902 καὶ
230 1835 303 1912 τοῦς
321 1838 413 1900 έκεῖσε
432 1833 616 1922 ἀνθρώπους
634 1833 807 1921 διέφθειρε,
832 1835 882 1899 καλ
899 1831 1000 1900 έκτότε
1017 1831 1135 1918 ἐκλήθη
1153 1841 1262 1917 σεΐσμα
1270 1841 1302 1896 15
1383 1831 1386 1879 l

155 1937 177 2024 ἢ
203 1945 299 2024 σήμα.
352 1940 511 2016 ἰδιωτικῶς
528 1940 561 2004 δὲ
578 1943 704 2004 καλοῦσι
721 1939 826 2022 σίγμα.

116 2046 142 2101 0
263 2041 328 2106 Τὸν
352 2041 460 2130 μικρὸν
485 2038 724 2131 ἀρχιστράτηγον
747 2039 803 2124 τήν
826 2039 896 2106 νέαν
918 2035 1027 2124 Ζήνων
1050 2040 1101 2104 καλ
1120 2034 1264 2128 Ἀριάδνη

158 2143 331 2232 ἀνήγειραν.
1163 2185 1164 2190 1

264 2246 331 2329 Τὴν
355 2247 526 2330 γυναικείαν
546 2245 643 2330 μονήν
659 2251 714 2329 τῆς
730 2245 911 2333 Προκοπίας
927 2241 943 2311 ὁ
960 2251 1046 2322 θεῖος
1061 2251 1115 2310 τοῦ
1129 2239 1267 2328 μεγάλου

156 2349 378 2416 Ἰουστινιανοῦ
405 2347 500 2414 έκτισε
525 2348 581 2414 σῦν
604 2353 644 2436 τῇ
666 2352 785 2434 γυναικί
809 2351 907 2416 αὐτοῦ
929 2349 1094 2442 Εάφημίρι,
1118 2347 1195 2413 ἔνθα
1212 2350 1307 2415 uallo

159 2454 266 2521 θανὼν
283 2448 392 2539 ἑτάρη.

236 2617 300 2682 lp.
316 2615 350 2667 10
365 2613 470 2696 Βιιτιδ.Ι
524 2613 686 2682 Μαγναῦρα
702 2613 736 2668 C.
812 2607 892 2670 λιιοιλ
907 2614 1062 2683 κεραυνοῦ]
1079 2610 1270 2698 κεραυνωθείς

236 2683 429 2770 πηρίκρυρτοη
440 2699 560 2766 γεγονεν.
584 2677 631 2737 risa
648 2679 680 2736 δὲ
700 2681 791 2752 ἔμελλε
807 2681 942 2768 θυήσκειρ
961 2685 1030 2753 Reg.
1089 2746 1096 2768 ρ
1116 2683 1134 2736 8
1151 2702 1173 2735 ω
1191 2680 1269 2767 μάντι

238 2769 312 2836 oppa
323 2752 558 2836 οποροιυραςίλος.
627 2756 660 2808 10
672 2753 743 2837 p352
753 2754 837 2838 Bpnd.
900 2771 937 2837 Ιτο
947 2753 1052 2820 Σίγμα]
1065 2771 1117 2820 την
1129 2755 1269 2804 θεοτοκον

233 2818 345 2945 lilidlll
360 2822 587 2961 τλθσόόάήγεῖόαν
598 2821 1201 2962 νολὲοθημαῙθ]ήλυόθθοίδφίιάἀγπγννοιιάόίήῦ
1211 2821 1269 2943 llll¹

267 3027 424 3082 Triclinium
449 3028 534 3098 magni
559 3027 728 3083 Constantini
752 3033 892 3097 propterea
914 3028 1041 3084 Manaura
1065 3029 1170 3084 dicitur.
1212 3045 1270 3082 cum
1295 3075 1299 3084 .

165 3102 306 3170 imperator
328 3097 484 3154 Anastasius
500 3097 613 3151 Dicorus
631 3097 665 3151 26
683 3114 764 3150 annos
782 3106 810 3149 et
826 3097 844 3152 4
860 3115 962 3152 menses
977 3100 1146 3169 imperasset,
1173 3099 1271 3151 accidit

165 3178 197 3222 ut
219 3168 337 3220 tonitrua
360 3173 388 3218 et
410 3167 515 3236 fulgura
531 3169 627 3221 circum
644 3167 759 3236 undique
777 3167 901 3236 palatium
918 3170 1087 3222 vehementer
1102 3169 1271 3238 impeterent.

166 3255 250 3308 quare
275 3241 458 3288 consternatus
483 3237 641 3307 imperator,
665 3246 694 3288 et
718 3235 780 3289 hinc
802 3236 863 3288 inde
888 3255 952 3308 prae
974 3238 1114 3291 formidine
1131 3238 1272 3303 cursitans,

166 3308 193 3359 in
215 3307 264 3358 hoc
286 3305 387 3357 demum
403 3305 519 3358 triclinio
538 3306 646 3359 numinis
662 3305 703 3358 ira
719 3305 854 3375 perculsus
869 3313 897 3358 et
911 3307 1069 3376 penetrabili
1084 3307 1199 3360 fulminis
1216 3306 1273 3360 ictu

167 3377 302 3430 ambustus
327 3373 389 3427 suit.
432 3375 602 3428 moribundus
630 3381 717 3428 autem
742 3383 860 3427 extrema
885 3375 951 3428 haec
978 3379 1060 3429 verba
1086 3393 1181 3444 magna
1206 3393 1274 3428 voce

166 3445 279 3516 protulit
300 3436 336 3564 ‘io
360 3443 456 3564 upana,
482 3460 546 3496 aura
568 3437 685 3515 pereo,'’
710 3450 790 3514 atque
809 3445 870 3496 hino
886 3445 1029 3499 triclinium
1046 3446 1109 3498 illud
1127 3447 1274 3500 Manauraa

166 3531 260 3568 nomeu
276 3530 305 3564 re
318 3529 374 3564 rnur
389 3549 396 3565 .

270 3581 415 3634 Ecclesiam
443 3581 473 3634 S.
498 3580 540 3632 dei
564 3581 700 3649 genitricis
726 3599 796 3651 qnae
818 3587 931 3635 vocatur
954 3581 1058 3652 Sigma,
1084 3582 1275 3636 Constantinus

168 3669 276 3722 magnus
303 3652 385 3722 primo
410 3650 542 3716 condidit,
569 3651 664 3702 deinde
689 3651 849 3704 Iustinianus
875 3669 983 3720 magnus
1006 3653 1179 3708 restauravit.
1213 3660 1277 3724 post

167 3737 249 3776 annos
271 3729 357 3774 autem
374 3719 441 3788 328,
466 3720 610 3788 imperante
628 3719 727 3773 Basilio
745 3721 901 3787 Macedone,
927 3739 1020 3790 magno
1038 3728 1126 3776 terrac
1143 3729 1216 3775 motu
1233 3727 1276 3774 to·

167 3800 223 3846 tum
241 3791 291 3844 hoo
307 3791 430 3860 templum
446 3791 587 3859 collapsum
605 3797 660 3855 est,
689 3789 732 3842 die
750 3789 894 3857 dominico,
922 3791 967 3860 qui
984 3807 1067 3844 nouus
1084 3795 1144 3844 erat
1159 3790 1277 3844 Ianuarii

168 3866 198 3914 et
221 3863 251 3914 S.
279 3860 424 3926 Polyeucto
446 3874 529 3913 secor.
565 3857 613 3910 hac
635 3858 712 3911 ruina
736 3876 838 3924 omnes,
865 3867 997 3930 quotquot
1013 3861 1040 3913 in
1059 3878 1090 3914 eo
1108 3868 1198 3928 erant,
1225 3877 1277 3930 op·

167 3929 252 4000 pressi
270 3937 348 3997 sunt,
366 3935 394 3981 et
409 3929 533 3995 templum
549 3927 611 3978 inde
627 3929 837 3996 cognominatum
850 3929 903 3981 fuit
920 3931 1019 3997 Sisara,
1037 3929 1065 3983 id
1083 3937 1125 3984 est
1144 3945 1278 4000 conquas-

168 4002 253 4068 satio,
271 3999 329 4052 eive
346 3999 437 4064 Seme,
454 3997 482 4048 id
500 4003 542 4048 est
559 3996 714 4066 sepulcrum.
750 3999 828 4064 vulgo
847 4005 933 4052 autem
951 4007 1061 4052 vocatur
1078 4000 1180 4069 Sigma.

271 4067 417 4120 Ecclesiam
434 4082 529 4118 novam
546 4065 578 4118 B.
597 4065 748 4135 archangeli
765 4066 837 4117 Zeno
856 4074 884 4120 et
900 4067 1017 4120 Ariadne
1035 4068 1222 4122 aedificarunt.

273 4135 464 4190 Monasterium
487 4135 633 4204 Procopius
655 4133 887 4189 sanctimonialium
903 4148 1014 4206 patruus
1030 4137 1170 4192 Iustiniani
1188 4137 1277 4210 magni

170 4221 228 4258 eam
244 4223 330 4260 uxore
347 4203 494 4278 Euphemia
510 4205 644 4271 condidit,
664 4211 772 4276 etpost
789 4204 888 4259 obitum
905 4207 1001 4262 ibidem
1018 4207 1136 4278 sepultus
1154 4217 1208 4264 est.
